2713 3419
253 253 445 276 ..M
461 187 2429 325 wffiffiffffwfflfflssfflffw

552 760 680 840 De
735 760 1014 840 Attica
1066 758 1558 860 eloquentia
1610 761 2115 840 dissertatio,

1117 985 1294 994 ——-——...

246 1173 397 1264 Quid
442 1218 675 1280 ingenium
729 1231 783 1264 ac
821 1219 966 1265 multo
1001 1219 1150 1280 magis
1189 1220 1296 1280 quid
1338 1220 1456 1265 ratio
1488 1219 1856 1278 exercitatioque
1889 1218 1937 1261 in
1977 1216 2241 1278 eloquentia
2271 1224 2436 1280 posset

239 1307 497 1360 praestare,
527 1303 667 1348 Attici
699 1316 811 1361 prae
844 1303 1013 1347 ceteris
1045 1304 1349 1348 ostenderunt
1379 1307 1616 1361 artemque
1646 1302 1826 1346 dicendi
1877 1301 1996 1345 adeo
2038 1302 2348 1348 excoluerunt
2384 1308 2435 1349 et

242 1389 335 1429 tam
368 1386 563 1429 sublime
596 1386 642 1429 in
673 1386 908 1443 fastigium
939 1391 1219 1441 evexerunt,
1243 1389 1295 1429 ut
1312 1385 1467 1430 Attica
1495 1385 1763 1443 eloquentia
1794 1384 1959 1429 merito
1992 1389 2178 1442 putetur
2209 1386 2292 1431 lex
2322 1400 2431 1445 qua-

244 1468 283 1511 si
315 1472 364 1511 et
393 1481 556 1511 norma
587 1467 783 1511 dicendi.
845 1468 987 1512 Attici
1036 1469 1158 1512 enim
1204 1472 1448 1526 postquam
1487 1468 1738 1526 spendidas
1782 1467 1886 1511 illas
1933 1466 1991 1510 de
2024 1467 2185 1511 Persis
2215 1468 2434 1513 victorias

239 1553 561 1609 reportarunt,
611 1551 743 1608 quasi
790 1564 943 1594 rerum
993 1552 1261 1596 bellicarum
1293 1551 1510 1596 satietate
1542 1552 1662 1609 capti
1700 1551 1829 1608 pacis
1860 1549 2037 1594 artibus
2071 1564 2249 1595 summo
2278 1551 2432 1596 studio

242 1638 473 1679 navarunt
503 1646 691 1692 operam
725 1637 774 1676 et
801 1633 1088 1692 ingeniorum
1124 1634 1404 1678 excellentia
1436 1633 1580 1678 adiuti
1613 1633 1896 1687 effecerunt,
1954 1636 2005 1675 ut
2037 1632 2290 1677 admirabili
2322 1647 2431 1693 qua·

238 1717 342 1761 dam
364 1716 669 1776 simplicitate,
699 1716 989 1775 intelligendi
1009 1717 1231 1774 sollertia,
1249 1717 1453 1776 cogitata
1472 1717 1643 1775 optime
1664 1714 1909 1775 eloquendi
1929 1713 2164 1772 facultate,
2197 1715 2430 1762 doctrinae

241 1800 475 1859 elegantia
502 1800 692 1844 multum
723 1799 842 1843 inter
874 1800 1079 1844 Graecos
1111 1800 1381 1844 eminerent.
1443 1800 1498 1844 In
1532 1800 1746 1844 omnibus
1774 1798 1911 1857 igitur
1940 1798 2162 1855 operibus
2197 1812 2316 1856 quae
2347 1799 2430 1845 At-

241 1883 318 1929 tici
347 1883 572 1929 acerrimo
600 1882 778 1942 pulchri
811 1883 1086 1942 venustique
1119 1897 1263 1927 sensu
1292 1883 1450 1940 imbuti
1484 1882 1791 1939 effinxerunt,
1823 1882 2083 1926 venustatis
2106 1882 2306 1941 speciem
2327 1883 2436 1929 licet

242 1980 519 2025 expressam
549 1966 726 2010 videre.
789 1966 1108 2016 Quamobrem
1147 1965 1246 2010 fieri
1277 1981 1370 2010 non
1400 1966 1548 2023 potuit
1568 1999 1581 2021 ,
1630 1965 1738 2023 quin
1777 1965 1822 2008 in
1868 1969 1969 2008 arte
2022 1979 2203 2023 quoque
2235 1965 2434 2023 dicendi,

243 2049 384 2108 longe
416 2049 686 2093 difficillima
715 2062 769 2093 ac
797 2048 1090 2108 gravissima,
1125 2048 1213 2092 etsi
1244 2062 1337 2092 non
1367 2048 1567 2093 Athenis
1598 2052 1724 2103 nata,
1752 2047 1838 2091 sed
1867 2047 2055 2091 aliunde
2088 2048 2175 2092 huc
2194 2049 2434 2106 translata,

241 2145 355 2176 mox
386 2131 494 2190 quid
526 2146 687 2176 verum
719 2135 849 2176 esset
879 2136 928 2176 et
960 2130 1068 2190 quid
1097 2130 1340 2187 vitiosum,
1389 2131 1538 2189 probe
1572 2130 1892 2189 perspicerent
1922 2135 1971 2174 et
2002 2130 2115 2174 solis
2147 2131 2435 2176 Athenarum

241 2213 485 2259 moenibus
512 2227 627 2258 vera
660 2217 709 2259 et
738 2214 941 2273 genuina
971 2213 1283 2257 includeretur
1313 2213 1578 2271 eloquentia
1606 2227 1692 2256 nec
1725 2213 1930 2271 reliquae
1965 2214 2186 2257 Graeciae
2218 2215 2432 2259 civitates

242 2296 290 2340 in
320 2296 444 2342 illius
474 2297 652 2357 gloriae
684 2298 956 2342 societatem
988 2296 1351 2341 admitterentur.
1412 2296 1467 2340 In
1500 2296 1712 2339 omnibus
1742 2300 1898 2340 tamen
1928 2298 2119 2355 artibus,
2151 2310 2266 2356 quas
2287 2298 2431 2342 homi-

245 2393 333 2424 nes
366 2379 591 2438 factitant,
616 2380 810 2425 artificia
838 2381 940 2425 sive
971 2381 1085 2425 artis
1115 2380 1477 2424 exercitationes
1510 2380 1760 2437 disciplinis
1792 2380 1907 2437 ipsis
1934 2381 2116 2440 priores
2147 2395 2256 2425 esse
2287 2396 2432 2439 cxpe-

241 2461 408 2507 rientia
437 2461 672 2508 docemur.
734 2465 917 2509 Natura
947 2464 1069 2508 enim
1098 2463 1276 2508 invenit
1299 2466 1440 2519 artes,
1469 2478 1558 2508 usu
1587 2462 1908 2521 perficiuntur,
1938 2463 2180 2522 disciplina
2211 2479 2323 2509 vero
2351 2464 2431 2508 otii

244 2550 319 2592 est
348 2549 398 2591 et
427 2546 737 2592 meditationis
771 2561 904 2606 opus.
966 2545 1153 2604 Quippe
1183 2533 1387 2604 origines
1417 2546 1582 2591 artium
1628 2545 1977 2604 proficiscuntur
2025 2561 2091 2592 ex
2129 2546 2263 2592 insita
2293 2547 2431 2592 animi

244 2626 401 2673 indole
433 2632 483 2674 et
513 2628 672 2678 innata
703 2628 934 2690 cogitandi
965 2627 1286 2688 sentiendique
1315 2628 1522 2686 ratione,
1553 2632 1600 2674 et
1633 2642 1740 2674 sero
1769 2628 1953 2674 demum
1986 2629 2207 2688 exempla
2239 2633 2431 2675 naturae

249 2709 297 2753 vi
326 2709 508 2768 prolata
538 2725 623 2770 pro
650 2712 912 2772 praeceptis
942 2715 1050 2757 sunt
1089 2715 1137 2756 et
1166 2711 1496 2756 observatione
1526 2725 1685 2757 earum
1717 2726 1870 2757 rerum
1900 2725 2022 2771 quae
2055 2713 2102 2756 in
2133 2712 2306 2757 artibus
2335 2712 2431 2756 fac-

249 2791 438 2837 *itandis
465 2792 699 2840 adhibitae
729 2800 861 2853 sunt,
911 2795 972 2840 ad
1018 2794 1245 2840 theoriam
1276 2799 1325 2838 et
1361 2795 1749 2853 compositionem
1777 2795 2060 2852 pervenitur.
2121 2796 2286 2852 Neque
2317 2810 2433 2840 vero

250 2873 536 2925 infitiandum
567 2880 640 2921 est
657 2908 671 2935 ,
722 2878 935 2925 homines
980 2882 1172 2924 naturae
1200 2877 1345 2938 ipsius
1377 2877 1540 2924 habitu
1567 2878 1689 2924 bono
1718 2891 1803 2936 per
1831 2892 1886 2922 se
1920 2877 2050 2936 ipsos
2081 2882 2129 2923 ct
2154 2877 2355 2924 disertos
2386 2883 2436 2923 et

1929 2964 2032 3015 (¹)
