2713 3419
1204 210 1440 247 —8—

235 349 365 393 nerxi
416 351 460 389 ct
507 346 644 390 robur
694 344 806 389 artis
849 343 1080 389 oratoriae
1128 344 1303 400 insunt,
1351 343 1549 387 accessit
1588 342 1777 386 inventa
1821 340 2061 388 dialectica
2101 358 2235 405 quam
2275 344 2438 390 mirum

235 436 447 490 quantum
482 429 618 472 avide
657 432 934 487 receperunt
958 428 1289 473 Athenienses
1353 427 1469 470 Eam
1487 426 1683 470 Athenis
1715 426 1806 470 iam
1842 425 1997 471 docuit
2011 428 2142 472 Zeno
2164 429 2437 485 EleateS‚²⁰‘)

230 529 319 571 quo
351 514 648 575 pythodorus
681 516 729 554 et
760 512 937 554 Callias
964 516 1267 568 praeceptore
1300 511 1577 566 utebantur,
1609 524 1800 569 qnorum
1831 510 1955 567 prior
1985 511 2318 568 Antiphontem
2356 512 2437 554 ha-

234 598 374 639 bebat
408 598 450 639 in
483 596 741 652 disciplina.
798 595 1015 655 ⁷Maxime
1053 609 1164 637 vero
1199 594 1433 651 praecipui
1476 594 1749 651 sophistae,
1798 593 1874 650 qui
1924 592 2211 636 dialecticam
2239 593 2439 639 Athenis

230 679 289 722 ad
324 679 695 722 ostentationem
728 678 1042 732 adhibebant,
1093 676 1224 720 fuere
1268 677 1553 735 Protagoras
1592 682 1641 721 et
1672 676 1884 734 Gorgias.
1918 676 1969 732 21)
2031 675 2162 726 auin
2191 680 2347 720 autem
2378 676 2440 720 ad

231 764 351 805 bene
371 761 721 819 intelligendum
755 766 804 805 et
842 761 900 804 ad
932 761 1174 817 eleganter
1198 764 1425 817 acuteque
1448 760 1742 818 cogitandum
1777 758 2016 802 dialectica
2035 760 2090 811 ²²]
2113 757 2272 802 valeat
2300 758 2439 817 pluri-

236 859 386 899 mum,
416 845 624 887 dubitare
658 858 751 886 non
782 848 950 900 potest.
1014 842 1189 885 Rerum
1221 842 1343 884 enim
1374 856 1552 900 genera
1583 847 1631 886 et
1657 843 1831 885 formas
1849 846 1984 885 acute
2005 840 2271 884 discernere
2290 841 2442 897 docet,

236 942 358 985 quae
391 928 429 970 si
462 926 657 984 turpiter
689 925 1044 981 confundantur,
1076 925 1225 969 inanis
1256 925 1511 982 loquacitas
1543 931 1591 970 et
1620 924 1916 970 hallucinatio
1948 922 2106 968 afferri
2133 927 2314 980 potest,
2354 924 2440 968 rite

237 1010 402 1055 disseri
435 1010 567 1053 nullo
599 1012 734 1066 pacto
764 1012 937 1065 potest.
1000 1008 1121 1052 Nam
1154 1008 1200 1051 in
1233 1007 1336 1065 ipso
1366 1008 1700 1052 sententiarum
1734 1008 1894 1052 ordine
1925 1011 1973 1051 et
2005 1006 2200 1064 partium
2230 1005 2443 1051 distribu-

237 1093 361 1137 tione
395 1092 604 1136 consistit
635 1104 751 1135 vera
781 1090 893 1135 artis
924 1090 1152 1135 oratoriae
1187 1090 1319 1134 ratio.
1384 1091 1484 1135 Hac
1518 1091 1656 1149 igitur
1686 1096 1785 1135 arte
1816 1090 2061 1136 oratoriam
2107 1088 2168 1133 ad
2219 1101 2444 1133 summam

240 1176 511 1233 pervenisse
551 1174 861 1218 maturitatem
893 1177 1020 1217 recte
1045 1172 1372 1218 affirmaveris.

444 1344 656 1401 Denique
688 1341 748 1385 ad
778 1344 967 1387 tertium
997 1357 1135 1401 quem
1167 1344 1407 1400 posuimus
1439 1346 1590 1389 locum
1621 1346 1950 1404 adgredimur,
1999 1345 2075 1403 qui
2115 1347 2189 1388 est
2220 1343 2279 1387 de
2311 1342 2446 1386 disci-

243 1427 367 1484 plina
400 1427 511 1469 artis
539 1432 587 1469 et
620 1427 678 1470 de
711 1431 947 1470 oratorum
979 1426 1213 1484 operibus.
1259 1427 1334 1471 Ad
1364 1428 1612 1472 liberorum
1645 1429 1767 1473 enim
1800 1428 2132 1473 institutionem
2163 1426 2317 1485 prisco
2333 1430 2447 1469 tem-

242 1524 355 1566 pore
385 1509 593 1565 corporis
625 1509 765 1552 modo
795 1508 1022 1552 exercitia
1042 1541 1056 1564 ,
1097 1511 1422 1566 grammatica,
1473 1516 1715 1569 poetarum
1747 1511 1884 1555 lectio
1906 1544 1920 1568 ,
1963 1510 2137 1555 musica
2166 1508 2448 1553 adhibeban-

246 1598 319 1636 tur
347 1594 399 1646 23)
422 1625 434 1647 ,
474 1591 560 1635 sed
609 1606 712 1635 cum
749 1591 988 1649 sophistae
1030 1592 1304 1637 multifarias
1334 1593 1511 1637 utilium
1542 1609 1696 1639 rerum
1726 1594 2017 1652 cognitiones
2047 1591 2372 1651 profiterentur
2403 1594 2451 1634 et

254 1676 478 1718 docerent
519 1675 917 1731 mathematicam,
960 1676 1315 1732 astronomiam,
1366 1680 1415 1720 ct
1456 1677 1660 1735 linguam
1698 1677 2063 1737 investigarent,
2116 1679 2166 1719 ct
2197 1674 2256 1719 de
2287 1676 2478 1718 natura·

248 1770 402 1801 rerum
427 1761 474 1800 et
486 1756 543 1800 de
555 1756 696 1802 rebus
727 1757 941 1802 civilibus
971 1758 1189 1816 regendis
1214 1758 1513 1816 dissererent,
1554 1765 1603 1804 et
1619 1759 1958 1818 philosophiam
1991 1757 2221 1818 quandam
2252 1756 2360 1801 licet
2390 1768 2454 1798 ex

247 1843 483 1902 perversis
517 1840 751 1901 principiis
785 1840 1030 1885 deductam
1066 1841 1325 1898 traderent,
1353 1842 1537 1887 occasio
1569 1846 1644 1887 est
1675 1843 1832 1888 oblata
1862 1843 1919 1889 iis
1950 1841 2027 1902 qui
2059 1840 2217 1900 primis
2248 1838 2453 1885 elemen-

249 1928 308 1971 tis
339 1931 501 1971 essent
532 1926 716 1981 imbuti,
763 1924 944 1968 animos
992 1925 1157 1969 altiore
1189 1925 1397 1969 doctrina
1427 1926 1691 1971 excolendi.
1752 1928 1942 1972 Novum
1976 1926 2099 1971 enim
2129 1939 2280 1984 genus
2315 1921 2451 1966 disci-

251 2011 402 2066 plinae
432 2010 498 2053 illi
530 2010 830 2053 instituerunt
859 2014 908 2052 et
935 2008 1107 2053 factum
1140 2012 1236 2063 est,
1284 2012 1334 2052 ut
1367 2008 1568 2055 Athenis
1595 2014 1692 2055 tum
1725 2014 1773 2055 et
1803 2011 2042 2055 rhetorum
2072 2014 2122 2053 et
2152 2006 2453 2066 philosopho-

251 2107 350 2136 rum
384 2092 476 2136 ludi
508 2091 812 2151 aperirentur.
887 2091 1029 2142 Quae
1076 2095 1233 2135 autem
1269 2104 1492 2148 perverse
1524 2092 1583 2137 ab
1617 2092 1675 2137 iis
1708 2093 1877 2138 tradita
1907 2097 2072 2151 erant,
2119 2107 2233 2137 mox
2280 2090 2455 2136 inventi

252 2179 375 2231 sunt,
403 2175 478 2233 qui
514 2175 786 2219 refellerent
816 2180 866 2220 et
897 2174 1158 2218 reiicerent.
1222 2174 1300 2217 Sic
1343 2188 1401 2218 ea
1447 2180 1605 2219 aetate
1642 2176 1836 2220 scientia
1867 2191 2023 2222 rerum
2054 2176 2352 2235 plurimarum
2383 2178 2458 2219 est

255 2259 625 2315 comprehensa,
677 2258 972 2316 philosophia
1016 2261 1090 2300 est
1130 2256 1320 2299 exculta
1362 2261 1459 2300 tum
1488 2258 1536 2300 in
1567 2259 1832 2316 cognitione
1881 2274 2035 2304 rerum
2068 2264 2117 2304 et
2143 2258 2457 2317 explicatione

256 2345 447 2383 naturae
476 2342 651 2397 posita,
699 2346 796 2385 tum
835 2341 882 2383 in
923 2339 1235 2395 descriptione
1276 2340 1648 2396 expetendarum
1690 2340 2108 2398 fugiendarumque
2150 2356 2304 2385 rerum
2336 2340 2461 2385 etin

257 2423 477 2481 regendis
505 2424 762 2467 animorum
794 2423 1020 2478 motibus,
1050 2427 1146 2465 tum
1178 2422 1223 2465 in
1255 2421 1510 2465 subtilitate
1542 2422 1806 2466 disserendi
1838 2426 1887 2466 et
1911 2423 2108 2466 veritate
2137 2422 2383 2479 iudicandi,
2412 2426 2462 2466 et

258 2520 397 2563 quum
429 2520 580 2550 rerum
612 2511 850 2565 gestarum
879 2506 1105 2549 memoria
1137 2506 1392 2549 exsisteret
1422 2506 1600 2563 ampla,
1643 2505 1927 2564 historiaque
1959 2519 2112 2550 rerum
2143 2506 2323 2563 copiam
2352 2519 2460 2564 sup·

258 2590 518 2648 peditaret,
582 2605 721 2648 quum
770 2590 816 2634 in
856 2590 1012 2647 legum
1048 2602 1103 2632 ac
1130 2589 1239 2633 iuris
1270 2589 1419 2634 civilis
1450 2590 1692 2634 scientiam
1723 2589 1990 2649 diligentius
2022 2593 2153 2634 esset
2181 2589 2461 2649 inquisitum,

260 2672 411 2716 oratio
441 2673 542 2729 ipsa
572 2674 631 2716 ad
663 2673 776 2716 artis
806 2676 1059 2729 praecepta
1091 2677 1220 2715 esset
1250 2672 1539 2716 conformata
1573 2687 1669 2716 non
1702 2673 1856 2716 solum
1893 2672 2148 2729 electione,
2199 2673 2286 2717 sed
2321 2673 2462 2717 etiam

263 2755 605 2801 constructione
639 2756 917 2811 verborum,
969 2753 1078 2812 quid
1117 2755 1280 2799 mirum
1320 2756 1359 2800 si
1400 2755 1649 2814 eloquendi
1682 2769 1760 2800 ars
1789 2759 2210 2813 consummaretur,
2262 2759 2462 2813 cognata

263 2837 561 2880 scientiarum
590 2838 792 2881 familiae
824 2839 924 2881 toti.
987 2838 1161 2882 Nititur
1188 2843 1345 2881 autem
1362 2839 1622 2882 Atticorum
1652 2838 1918 2895 eloquentia
1946 2838 2129 2884 duobus
2150 2837 2463 2882 fundamentis

268 2923 315 2962 et
330 2918 538 2979 populari
557 2918 736 2966 dicendi
756 2920 935 2966 ratione
965 2924 1012 2966 et
1042 2919 1295 2965 dialectica.
1329 2919 1734 2973 Quemadmodum
1757 2920 1879 2966 enim
1890 2921 2086 2969 Atticam
2108 2918 2462 2979 philosophiam,
