2713 3419
1266 234 1505 272 -4-

294 367 551 426 scriptionis
586 367 804 411 cancellis
850 368 1249 427 circumscriptus‚
1295 373 1538 428 quominus
1571 372 1799 428 prolixius
1836 370 1953 414 haec
1990 377 2260 430 argumenta
2290 378 2496 429 tractem,

293 453 648 509 unumquodque
683 457 856 494 tantum
896 455 1156 496 summatim
1195 455 1429 511 attingens
1463 455 1506 497 in
1538 455 1737 497 medium
1767 454 1969 511 profero,
2005 460 2265 514 contentus,
2310 457 2348 500 si
2381 458 2502 501 nani-

292 535 386 577 0ris
421 536 587 577 mentis
627 534 957 577 adolescentes
992 537 1063 578 his
1105 537 1267 578 litteris
1302 537 1442 579 dediti
1475 537 1586 579 lucri
1626 537 1731 580 inde
1758 536 1930 594 aliquid
1965 536 2136 580 fecisse
2173 538 2416 582 laetantur.

499 704 639 753 quod
674 705 731 747 ad
766 705 954 762 primam
990 718 1122 762 quam
1158 705 1398 761 posuimus
1431 713 1609 765 partem
1645 709 1833 764 attinet,
1869 707 2226 751 Atheniensium
2276 709 2502 765 respubli-

299 804 351 832 ca
385 789 444 832 ita
485 788 566 832 fuit
601 792 863 844 comparata
886 821 898 842 ,
956 792 1003 830 ut
1047 802 1137 830 non
1176 802 1337 845 parum
1383 791 1697 848 eloquentiam
1741 792 1841 835 sive
1895 791 1988 834 vim
2025 789 2205 833 dicendi
2244 790 2499 835 adiuvaret.

299 873 374 914 Ex
407 870 594 914 Solonis
623 870 864 927 disciplina
884 873 920 916 ⁴⁶)
955 870 1145 914 cuilibet
1178 871 1264 914 civi
1308 872 1474 916 licebat
1503 874 1549 916 in
1577 874 1800 917 concione
1841 874 1985 917 verba
2018 873 2173 916 facere
2212 876 2261 916 et
2309 873 2356 917 in
2395 873 2498 918 foro

295 955 367 998 ius
401 954 571 1010 dicere,
610 954 695 996 sed
726 953 835 997 illud
873 953 1001 1010 prius
1042 967 1175 1011 quam
1206 954 1306 997 hoc.
1371 955 1542 1013 Viginti
1583 957 1659 999 vel
1700 956 2016 1015 duodeviginti
2052 968 2275 999 annorum
2317 952 2503 1000 adoles-

297 1052 409 1080 cens
440 1038 484 1080 in
525 1036 682 1093 populi
718 1036 989 1078 concionem
1031 1036 1372 1080 admittebatur.
1441 1039 1622 1082 Judicis
1668 1052 1915 1095 personam
1946 1039 1980 1095 ⁷)
2032 1039 2273 1096 suscipere
2319 1042 2503 1095 poterat

297 1121 484 1177 triginta
517 1134 667 1162 annos
700 1124 838 1161 natus
872 1119 1188 1163 Atheniensis.
1263 1122 1341 1163 Ex
1380 1121 1651 1164 certissimis
1684 1122 1960 1164 testimoniis
1993 1121 2210 1178 colligas,
2240 1120 2498 1165 Athenien·

296 1219 393 1247 sem
436 1202 753 1258 duodeviginti
793 1215 944 1246 annos
981 1207 1137 1246 natum
1174 1203 1293 1246 iuter
1338 1204 1549 1260 ephebos
1577 1208 1813 1260 receptum
1854 1208 1901 1247 et
1936 1204 1983 1247 in
2014 1203 2238 1248 concione
2282 1208 2415 1248 scuto
2454 1209 2504 1248 et

296 1288 433 1330 hasta
471 1302 579 1331 esse
620 1288 854 1331 donatum.
919 1287 1198 1330 Adiunctum
1235 1289 1350 1342 erat,
1395 1287 1508 1330 utin
1534 1287 1718 1330 tabulas
1750 1286 1958 1343 publicas
1989 1282 2276 1336 (ληξιαρχικόν
2301 1297 2496 1336 γραμμα-

297 1369 433 1416 wfov)
460 1369 713 1414 referretur
745 1370 860 1413 civis
877 1370 1156 1413 adolescens
1189 1373 1238 1411 et
1269 1369 1338 1412 sui
1370 1369 1480 1412 iuris
1516 1368 1664 1425 fieret,
1696 1368 1761 1412 rei
1794 1369 2006 1412 familiari
2039 1382 2155 1413 suae
2183 1373 2413 1426 praeesset
2457 1374 2504 1413 et

300 1453 530 1511 proprium
579 1454 723 1495 larem
769 1452 987 1506 haberet,
1033 1455 1279 1508 praetcrea
1322 1456 1369 1494 et
1416 1452 1462 1494 iu
1511 1451 1780 1495 concionem
1824 1451 1885 1494 ad
1915 1451 2160 1496 dicendum
2201 1450 2420 1508 prodiret.
2463 1454 2500 1505 ⁸)

299 1536 567 1580 Posteriore
604 1535 701 1579 iure
741 1535 780 1578 si
800 1539 1022 1589 uteretur,
1051 1534 1230 1577 dicendi
1249 1534 1382 1591 copia
1414 1532 1628 1584 (ἶσηγορίςι
1657 1530 1907 1583 παρῥησίᾳ),
1935 1533 2501 1578 rhetorvocabaturideo-

299 1635 387 1676 que
422 1619 775 1661 discernebatur
810 1618 868 1660 ab
906 1617 1046 1660 idiota
1064 1618 1130 1674 ⁹),
1181 1617 1257 1674 qui
1297 1617 1343 1659 iu
1371 1617 1593 1660 concione
1626 1632 1720 1661 non
1755 1618 1930 1660 orabat.
1989 1617 2193 1672 Campus
2228 1614 2366 1673 igitur
2407 1616 2503 1659 elo-

300 1702 533 1759 quentiam
569 1700 823 1745 exercendi
866 1700 1178 1757 amplissimus
1219 1700 1279 1743 ibi
1316 1699 1578 1757 patefactus
1627 1704 1728 1744 erat
1769 1700 1816 1743 in
1852 1699 1977 1744 curia
2019 1702 2067 1743 et
2106 1698 2152 1742 in
2190 1697 2503 1754 concionibus,

299 1785 374 1829 ubi
399 1788 611 1828 oratores
631 1783 804 1841 populo
825 1783 898 1827 vel
923 1782 1183 1827 suadebant
1202 1783 1276 1826 vel
1298 1782 1631 1827 dissuadebant
1647 1782 1902 1842 aliquid,de
1921 1796 2015 1841 quo
2035 1780 2413 1826 tumdeliberatio
2435 1781 2502 1825 in-

300 1868 592 1912 stituebatur.
617 1866 724 1911 Pari
739 1866 878 1910 modo
897 1866 943 1909 in
968 1865 1070 1909 foro
1088 1870 1134 1909 et
1161 1866 1206 1909 in
1228 1865 1420 1922 iudiciis,
1436 1865 1617 1924 quoties
1636 1865 1926 1910 habebantur
1948 1864 2114 1909 iudicia
2134 1864 2333 1923 publica,
2352 1868 2502 1909 orato-

299 1965 397 1993 rum
423 1955 580 2008 partes
604 1954 752 2005 erant,
780 1949 873 1991 reis
907 1950 983 2005 vel
1009 1949 1155 1992 dicem
1185 1948 1338 1991 dicere
1364 1949 1440 1991 vel
1466 1948 1658 1992 eosdem
1682 1948 1951 1991 defendere.
1992 1948 2197 2006 Antiquo
2214 1951 2370 1991 autem
2390 1952 2503 1991 tem-

303 2049 414 2090 pore
459 2034 535 2091 qui
575 2034 876 2090 magistratus
917 2034 1169 2089 gerebant,
1213 2032 1349 2073 iidem
1377 2031 1593 2074 rhetores
1625 2032 1901 2089 surgebant,
1945 2035 1993 2074 et
2035 2031 2273 2088 utriusque
2301 2030 2370 2073 rei
2401 2030 2503 2073 vice

305 2116 628 2175 fungebantur.
691 2116 789 2160 lllis
818 2115 1104 2173 temporibus
1147 2127 1328 2158 summa
1363 2129 1546 2171 quoque
1589 2112 1742 2157 fuerat
1777 2118 2010 2158 oratorum
2049 2127 2151 2158 cum
2182 2112 2243 2157 ad
2284 2113 2503 2171 populum

309 2201 451 2244 verba
491 2200 717 2255 facerent,
757 2199 988 2242 modestia
1020 2203 1067 2241 et
1109 2197 1389 2241 verecundia
1426 2189 1702 2252 (ειῗκοσμία),
1743 2210 1879 2255 quam
1932 2211 2026 2240 non
2076 2211 2193 2240 voce
2240 2200 2418 2240 tantum
2457 2199 2506 2238 et

302 2286 527 2340 oratione,
569 2284 654 2328 sed
694 2289 795 2326 toto
825 2282 1052 2340 *eorporis
1086 2281 1243 2324 habitu
1281 2285 1328 2323 et
1359 2285 1496 2338 gestu
1532 2294 1643 2337 prae
1679 2295 1733 2324 se
1761 2280 1989 2324 ferebant.
2013 2284 2065 2332 ¹⁰]
2126 2280 2381 2323 Praeterea
2399 2279 2504 2338 lege

305 2368 491 2411 Solonis
524 2371 734 2411 sanctum
775 2369 891 2420 erat,
922 2369 970 2407 ut
1008 2364 1083 2421 qui
1122 2376 1260 2419 supra
1299 2363 1628 2420 quinquaginta
1659 2375 1807 2405 annos
1840 2366 2002 2405 essent
2033 2362 2164 2418 primi
2193 2361 2505 2419 surgerent-¹¹)

304 2450 577 2494 Intermissa
607 2449 792 2508 quidem
843 2452 917 2490 cst
953 2447 1242 2503 eloquentia,
1280 2460 1418 2503 quum
1466 2443 1738 2488 Pisistratus
1773 2444 2065 2501 tyrannidem
2094 2447 2393 2501 occupasset,
2422 2442 2507 2487 sed

308 2533 502 2577 reducta
544 2538 616 2576 est
651 2531 821 2588 Hippia
852 2534 1023 2574 exacto
1055 2533 1165 2577 (510
1196 2543 1240 2577 a.
1274 2529 1404 2585 Chr.)
1451 2532 1499 2571 et
1538 2527 1731 2585 pristina
1770 2526 2005 2584 republica
2033 2539 2061 2569 a
2082 2526 2393 2580 Clisthene¹²)
2434 2539 2506 2569 re-

311 2616 485 2661 stituta.
548 2617 665 2660 Mox
708 2619 862 2659 autem
910 2627 1013 2657 cum
1054 2626 1215 2655 omnes
1255 2611 1623 2655 consultationes
1665 2614 1803 2668 atque
1844 2609 2126 2653 decernendi
2161 2612 2209 2652 et
2230 2608 2509 2652 constituen-

303 2700 350 2746 di
382 2700 534 2749 insnin
568 2699 867 2743 concionibus
905 2710 932 2741 a
974 2695 1146 2754 populo
1180 2697 1541 2750 exercerentur,
1588 2693 1675 2736 hac
1732 2692 1874 2736 multa
1913 2691 2083 2750 agendi
2125 2690 2386 2749 cupididate
2416 2690 2509 2735 fac-

310 2788 407 2829 tum
442 2786 541 2839 est,
582 2787 631 2828 ut
664 2795 813 2841 penes
864 2783 1076 2825 oratores
1117 2777 1163 2822 in
1198 2776 1418 2836 populum
1460 2779 1589 2821 esset
1631 2774 1896 2834 imperium,
1940 2776 2078 2834 atque
2121 2772 2510 2819 administrandae

301 2866 586 2924 reipublicae
632 2869 679 2907 et
720 2864 956 2908 orationes
992 2861 1191 2905 habendi
1228 2873 1305 2903 ars
1353 2859 1726 2917 coniungeretur.
1798 2858 1877 2902 Ex
1907 2871 1998 2915 quo
2031 2871 2146 2902 vero
2174 2861 2381 2914 tempore
2411 2856 2507 2899 elo-

311 2949 499 3009 quentia
543 2948 806 3006 praeceptis
846 2945 1113 2990 conflrmata
1154 2943 1483 2998 exercebatur,
1530 2942 1691 2986 rhetor
1721 2946 1916 2986 vocatus
1948 2945 2045 2996 est,
2091 2938 2167 2996 qui
2198 2942 2296 2982 arte
2331 2937 2510 2982 dicendi
