2713 3419
1170 249 1444 288 -13-

202 389 452 433 emendate
496 389 728 445 loquatur,
762 388 1292 445 verborum'praeterca
1318 393 1366 430 et
1396 387 1683 444 propriorum
1717 391 1764 429 ct
1795 384 2119 431 translatorum
2143 389 2419 446 elegantiam

204 476 518 531 persequatur
551 475 598 514 ct
634 472 883 514 verborum
919 476 1147 515 structura
1179 485 1418 514 numerum
1452 476 1499 513 et
1533 472 1886 514 concinnitatem
1918 469 2106 514 efficiat.
2184 474 2421 518 Summum

212 558 367 614 itaque
404 562 476 599 cst
509 555 741 597 oratoriae
777 555 1012 600 facultatis
1041 570 1201 610 nosse,
1235 555 1466 611 quomodo
1498 555 1555 597 ad
1590 570 1741 600 rerum
1774 557 2046 600 varietatem
2080 555 2214 599 stilus
2244 572 2421 602 accom-

208 639 468 682 modandus
497 639 572 694 sit,
604 653 663 681 ne
699 641 777 683 ubi
807 641 1135 683 vehementem
1164 644 1212 681 et
1242 638 1477 682 incitatum
1512 653 1589 682 rcs
1620 645 1807 696 poscat,
1853 639 2126 695 summisso,
2160 654 2282 685 neve
2314 657 2420 687 con-

212 729 283 765 tra
318 724 443 765 elato
476 728 643 766 utatur.
709 724 803 766 Pro
853 738 1005 767 rerum
1049 723 1168 765 enim
1201 722 1472 766 diversitate
1505 722 1645 766 debet
1677 724 1824 767 oratio
1855 737 1964 767 esse
1996 722 2150 767 tenuis
2181 728 2229 767 et
2261 725 2422 782 quieti-

209 822 292 850 ore
325 808 508 850 dicendi
541 822 719 863 gcnere
750 808 955 863 prolata,
989 805 1113 848 lenia
1145 805 1220 848 hie
1252 805 1371 848 sint.
1405 806 1677 862 summissa,
1705 807 1948 851 cnuclcata
1979 807 2131 851 omnia
2150 841 2162 864 e
2191 809 2421 866 aequabili

215 890 416 949 quodam
450 895 614 934 tenore
638 925 649 946 ,
696 895 776 934 aut
808 889 997 946 copiosa
1030 889 1091 932 sit
1115 922 1128 944 ‚
1175 888 1333 946 gravis
1382 892 1429 931 ct
1470 888 1773 947 grandiloqua
1802 890 1863 933 ita
1892 895 1942 934 ut
1971 891 2123 948 ampla
2155 895 2203 934 et
2236 897 2423 934 senten-

220 978 383 1019 tiarum
418 975 651 1034 gravitate
685 979 732 1018 et
759 974 1006 1017 maiestate
1041 973 1286 1016 verborum
1319 975 1366 1014 et
1397 970 1693 1017 vehementia
1722 973 1933 1018 dictionis
1963 974 2143 1018 animos
2175 974 2422 1031 percellat:

216 1061 415 1104 medium
450 1064 523 1102 est
556 1058 738 1102 tertium
771 1072 950 1115 genus,
984 1056 1113 1115 quasi
1148 1061 1454 1116 temperatum
1485 1072 1548 1101 ex
1582 1060 1775 1115 utroque
1807 1071 1894 1101 nec
1925 1058 2136 1102 acumine
2169 1057 2421 1115 superioris

218 1160 302 1188 nec
339 1144 529 1189 fulmine
566 1148 703 1186 utcns
738 1141 1011 1199 posterioris
1041 1141 1086 1184 in
1116 1144 1283 1185 neutro
1321 1155 1645 1199 exsuperanS.
1678 1156 1770 1185 uno
1801 1146 1964 1185 tenore
1996 1141 2132 1197 fluat,
2163 1141 2274 1185 nihil
2306 1139 2423 1185 affe·

220 1243 329 1271 rvns
368 1230 556 1284 practer
589 1225 857 1269 facilitatem
899 1231 947 1268 et
978 1223 1322 1282 aquabilitatcm
1356 1229 1591 1282 totamque
1624 1226 1879 1270 orationem
1919 1225 2202 1270 ornamentis
2233 1224 2424 1269 modicis

213 1317 259 1354 et
293 1311 542 1354 verborum
573 1314 620 1353 et
652 1308 986 1353 sententiarum
1023 1308 1285 1366 distinguat
1353 1307 1514 1352 Oratio
1550 1308 1748 1366 denique.
1781 1311 1819 1352 si
1852 1311 2034 1369 agenda
2055 1316 2143 1363 est,
2174 1307 2423 1352 memoriae.

211 1400 287 1437 est
323 1393 584 1436 mandanda
617 1397 664 1435 ct
696 1391 1038 1449 pronuntianda
1073 1396 1121 1434 et
1150 1391 1279 1434 vocis
1317 1397 1571 1448 opportuna
1603 1392 1933 1447 modulatione,
1966 1399 2013 1438 et
2044 1395 2184 1438 totius
2218 1391 2422 1448 corporis

216 1482 338 1520 motu
371 1480 416 1519 ct
450 1476 831 1521 conformatione.

433 1646 485 1689 ln
521 1646 688 1703 quibus
723 1646 956 1689 univcrsis
989 1645 1095 1702 qnid
1126 1644 1265 1687 Attici
1300 1644 1452 1687 minus
1486 1647 1719 1688 consecuti
1755 1647 1868 1689 sint.
1909 1648 2010 1705 quis
2043 1652 2142 1699 cst,
2183 1646 2257 1704 qui
2288 1645 2422 1688 dieat.

219 1731 291 1774 Eo
326 1731 528 1773 Atticum
560 1729 742 1772 dicendi
777 1743 928 1786 genus
972 1729 1258 1786 potissimum
1292 1728 1506 1784 excellit,
1562 1734 1611 1772 ut
1640 1730 1751 1772 nihil
1785 1730 1928 1785 dicat,
1968 1731 2088 1789 quod
2138 1744 2298 1773 sanum
2331 1743 2424 1771 non

214 1816 288 1859 sit.
321 1814 445 1872 quod
479 1827 572 1856 non
598 1814 657 1856 ad
698 1828 812 1868 rem,
845 1814 903 1856 ad
937 1826 1139 1868 causam,
1171 1813 1229 1855 ad
1260 1812 1500 1856 consilium
1532 1813 1742 1870 dicentis,
1777 1814 1834 1857 ad
1867 1814 2242 1871 persuadendum
2273 1812 2423 1856 faciat.

214 1899 456 1956 Nusquam
490 1896 628 1955 igitur
659 1897 705 1939 in
725 1896 893 1941 Atticis
922 1896 1184 1939 oratoribus
1214 1896 1426 1939 invenies
1458 1896 1672 1953 frigidum
1694 1898 1768 1941 vel
1800 1898 2019 1942 tumidum
2050 1898 2313 1956 quidquam,
2344 1894 2420 1938 vel

220 1985 491 2026 inconstans
526 1986 575 2025 et
608 1981 880 2040 inaequale,
914 1980 991 2022 vel
1031 1979 1229 2036 denique
1264 1979 1433 2023 siccum
1466 1984 1513 2022 et
1545 1980 1695 2025 inane.
1762 1983 2077 2034 Quamobrem
2102 1996 2160 2025 ne
2182 1979 2425 2038 impropria

215 2080 445 2125 unquam,
496 2068 709 2123 obscura,
761 2063 940 2109 fufflata
963 2096 976 2113 ,
1021 2062 1230 2106 humilia.
1273 2062 1458 2105 sordida
1481 2095 1493 2118 ‚
1550 2063 1820 2109 effeminata
1862 2073 2078 2124 tanquam
2125 2063 2427 2122 exquisitiora

221 2151 430 2205 mireris,
476 2153 697 2209 exempla
742 2149 820 2193 tibi
855 2159 1013 2192 sumas
1047 2160 1111 2189 ex
1145 2145 1308 2188 Atticis
1345 2146 1604 2189 oratoribus
1636 2148 1694 2191 ad
1728 2163 1846 2207 quae
1880 2155 2079 2194 mentem
2112 2154 2168 2195 et,
2189 2148 2425 2206 cogitatio-

217 2249 320 2278 nem
356 2236 542 2293 dirigas.
