2713 3419
1144 221 1196 230 -
1249 204 1415 243 11,-

204 340 298 383 Sed
329 341 435 398 quid
466 339 571 383 boni
602 339 803 383 habeant
833 339 1031 398 quidque
1064 338 1188 397 digni
1219 338 1395 385 imitatu
1429 339 1566 384 facile
1619 340 1837 399 colliges,
1887 340 1926 384 si
1967 355 2155 387 censum
2204 342 2389 388 feceris.

206 423 463 481 Antequam
496 437 608 467 vero
640 423 698 467 de
728 422 988 467 oratoribus
1020 423 1100 480 iis,
1142 423 1217 483 qui
1254 423 1300 467 in
1330 423 1553 468 decadem
1600 437 1735 481 quam
1767 428 1936 468 vocant
1995 424 2209 485 descripti
2270 432 2392 472 sunt.

205 506 358 551 dicere
390 506 625 564 incipiam,
657 506 868 551 omnibus
896 506 983 550 etsi
1014 506 1170 564 scripti
1202 506 1312 550 nihil
1346 507 1554 567 reliquit,
1599 510 1755 550 tamen
1788 509 2151 565 praemittendus
2183 525 2288 554 esse
2323 512 2389 554 vi-

205 589 337 634 detur
367 588 593 647 Pericles,
632 590 708 648 qui
739 588 912 646 primus
942 601 1167 633 summam
1197 590 1242 632 in
1276 590 1510 634 hominum
1544 591 1723 633 animos
1755 591 1933 634 dicendi
1960 592 2053 634 vim
2088 593 2255 649 optimc
2288 609 2389 651 per-

205 673 383 730 spexit,
423 678 471 718 et
510 686 659 732 aeque
696 672 836 716 rebus
869 671 1064 730 publicis
1096 672 1216 716 bene
1248 671 1622 718 administrandis
1652 688 1706 717 ac
1737 674 1916 718 dicendi
1949 674 2167 719 facultate
2197 676 2391 736 insignis

204 752 305 804 fuit.
369 755 581 800 Grandes
612 755 714 800 eius
745 755 1006 798 sententiae
1038 755 1391 799 Atheniensium
1424 757 1601 800 animos
1632 757 1936 814 arripiebant,
1966 771 2226 816 quanquam
2256 773 2382 801 care·

205 839 314 881 bant
345 837 448 882 fuco
480 838 697 882 oratorio.
764 836 919 879 Potuit
967 836 1007 879 is
1056 837 1236 894 copiam
1271 851 1424 881 rerum
1461 853 1562 881 cum
1594 841 1855 883 numerosis
1887 845 1936 883 et
1963 842 2185 897 gravibus
2218 843 2392 886 verbis.

206 936 306 964 cum
334 925 705 979 argumentorum
737 920 943 975 pondere
962 951 975 975 ,
1018 933 1118 962 cum
1151 920 1251 962 sale
1285 925 1332 962 et
1362 921 1602 964 dicacitate
1632 923 1694 964 ita
1724 923 1917 979 iungere
1941 955 1954 977 7
2009 928 2059 965 ut
2090 938 2225 966 nemo
2254 930 2392 978 essct,

206 1005 280 1063 qui
310 1004 531 1047 orationis
563 1002 684 1046 illius
720 1002 908 1059 impetui
942 1002 1195 1045 resisteret.
1262 1001 1481 1060 Princeps
1512 1010 1667 1047 autem
1700 1005 1746 1047 in
1780 1004 2002 1064 decadem
2034 1011 2271 1062 receptus,
2309 1008 2380 1051 cui

206 1095 388 1133 ceteros
419 1088 640 1143 deinceps
673 1086 1020 1143 subiungemus‚
1052 1086 1289 1144 Antiphon
1308 1087 1622 1132 Rhamnusius
1658 1091 1943 1141 (479—441
1981 1088 2183 1145 a.Chr.)‚
2214 1090 2392 1147 Sophili

204 1175 324 1217 filius
350 1171 614 1229 sophistae,
648 1170 771 1214 haud
802 1170 939 1214 dubie
989 1185 1054 1214 ex
1083 1171 1394 1228 sophistarum
1423 1177 1517 1216 tum
1532 1171 1730 1217 Athenis
1748 1169 2010 1216 florentium
2033 1171 2207 1217 scholis
2234 1187 2393 1232 egres-

205 1271 284 1301 sus
314 1256 373 1300 ad
405 1252 713 1312 eloquentiam
745 1253 965 1309 accessit,
997 1253 1127 1297 cuius
1159 1254 1296 1298 etiam
1327 1254 1484 1298 ludum
1503 1258 1657 1297 aetate
1683 1254 1947 1312 provectior
1974 1254 2154 1311 aperuit
2180 1260 2228 1298 et
2259 1269 2392 1313 prae·

204 1344 338 1398 cepta
369 1337 569 1382 maxime
601 1350 702 1380 cum
736 1335 972 1378 exercitiis
1005 1336 1244 1380 coniunxit
1270 1338 1604 1395 plurimumque
1634 1338 1693 1380 ad
1712 1338 1970 1381 rhetoricae
1987 1337 2270 1381 incrementa
2282 1353 2389 1382 con-

204 1423 319 1468 tulit.
383 1421 470 1466 Hic
499 1418 705 1477 inprimis
734 1417 928 1476 gloriam
961 1416 1047 1464 sibi
1080 1420 1364 1479 comparavit
1394 1424 1608 1478 tanquam
1642 1420 1917 1478 praecipuus
1948 1420 2135 1479 generis
2162 1420 2388 1465 iudicialis

204 1512 376 1550 auctor.
439 1503 673 1547 Grandem
704 1507 750 1545 et
780 1503 1011 1561 antiquam
1044 1503 1288 1547 dictionem
1320 1508 1444 1545 amat
1474 1507 1524 1546 et
1553 1503 1907 1546 concinnitatem
1935 1504 2218 1561 singulorum
2246 1517 2388 1548 mem-

204 1591 388 1631 brorum
422 1586 597 1643 appetit
627 1589 722 1627 tum
752 1591 1038 1641 regnantem.
1099 1586 1348 1628 Caecilius:
1381 1586 1784 1640 „accuratissimus
1816 1591 1914 1640 est,
1947 1586 2114 1642 inquit,
2144 1587 2191 1629 in
2221 1589 2388 1631 oratio-

205 1673 338 1716 nibus
377 1671 487 1726 suis,
521 1668 803 1728 probabiliS,
848 1669 894 1712 in
926 1669 1204 1713 inveniendo
1233 1669 1451 1725 callidus,
1479 1669 1528 1712 in
1556 1668 1796 1727 perplexis
1827 1669 1967 1712 rebus
1995 1666 2285 1727 artificiosus,
2316 1686 2381 1715 ex

206 1755 453 1813 improviso
483 1756 756 1811 argumenta
791 1752 1050 1807 intentans,
1103 1766 1458 1810 sermonemque
1488 1752 1548 1796 ad
1579 1753 1711 1811 leges
1757 1758 1804 1796 et
1831 1756 1985 1796 motus
2026 1752 2164 1796 animi
2195 1767 2384 1797 conver-

204 1846 323 1894 tens,
355 1837 556 1881 maxime
589 1834 744 1879 decori
778 1834 1059 1879 studiosus.“
1123 1835 1319 1893 Propter
1350 1836 1441 1878 vim
1473 1836 1657 1894 quidem
1688 1835 1869 1879 dicendi
1899 1831 2158 1885 (δεινότητα)
2189 1836 2386 1881 multitu-

205 1921 297 1965 dini
328 1923 573 1977 suspectus
603 1923 717 1974 erat,
750 1918 834 1962 sed
868 1918 988 1962 adeo
1020 1919 1210 1963 eminuit
1241 1919 1333 1962 oris
1367 1920 1621 1974 suavitate,
1665 1923 1716 1963 ut
1756 1923 1945 1976 propter
1991 1915 2156 1966 μέλιτος
2193 1917 2391 1968 γλυκίονα

207 1998 345 2052 αὐδήν
371 2004 546 2046 Nestor
577 2001 819 2045 diceretur.
882 2002 1152 2044 Andocides
1181 2002 1294 2058 (468
1329 2027 1387 2033 —-
1418 2005 1509 2045 393
1542 2014 1584 2043 a.
1599 2002 1729 2053 Chr.)
1763 2001 1887 2044 haud
1920 2014 2087 2060 magna
2116 2003 2389 2047 auctoritate

208 2089 350 2132 fuisse
387 2086 568 2129 videtur
589 2118 601 2141 2
653 2085 757 2142 quia
786 2099 889 2128 raro
921 2086 1044 2142 apud
1076 2085 1291 2142 antiquos
1321 2085 1424 2128 eius
1454 2085 1504 2127 fit
1534 2085 1729 2140 menti03
1782 2099 1870 2128 usu
1902 2089 1950 2128 et
1980 2084 2268 2142 experientia
2297 2100 2390 2130 non

206 2188 230 2216 a
265 2170 485 2227 sophistis
516 2168 723 2213 eruditus
752 2167 1006 2212 orationem
1035 2183 1129 2212 non
1160 2167 1221 2212 ad
1246 2181 1385 2212 unam
1415 2167 1610 2226 aliquam
1641 2166 1846 2224 speciem
1877 2166 2209 2224 conformavit,
2249 2172 2388 2227 atque

207 2255 381 2299 ratione
413 2257 461 2297 et
492 2256 590 2296 arte
620 2251 868 2306 excultam,
898 2251 983 2296 sed
1020 2251 1080 2297 ad
1112 2251 1252 2295 vitam
1283 2264 1571 2295 communem
1599 2250 1981 2308 accommodavit,
2021 2250 2216 2295 dictione
2247 2264 2392 2309 purus

209 2344 254 2383 ct
283 2337 475 2395 elegans
505 2339 605 2391 cst,
635 2335 803 2392 plenus
834 2335 972 2378 Attici
1005 2335 1212 2392 saporis,
1245 2335 1291 2377 in
1323 2334 1461 2377 rebus
1493 2333 1790 2377 subtilitatem
1824 2334 2041 2391 impetum
2073 2339 2209 2392 atque
2239 2336 2389 2392 gravi—

207 2426 348 2466 tatem
380 2419 601 2463 laudabis.
667 2418 837 2475 Lysias
869 2421 981 2471 (458
1007 2440 1058 2450 —-
1082 2421 1170 2461 378
1200 2431 1241 2460 a.
1275 2418 1405 2466 Chr.)
1438 2416 1630 2473 Cephali
1661 2417 1944 2472 Syracusani
1978 2416 2097 2459 tilius
2125 2417 2232 2473 fuit,
2263 2419 2390 2461 cuius

211 2505 355 2548 oratio
386 2502 567 2546 subtilis
600 2506 646 2544 et
676 2502 869 2558 elegans
902 2501 1062 2544 dicitur
1094 2513 1243 2543 canon
1262 2500 1473 2543 dictionis
1494 2500 1689 2543 Atticae.
1752 2499 1964 2543 Naturali
1993 2500 2280 2558 simplicitate
2307 2514 2391 2544 ex-

209 2589 333 2632 cellit
363 2586 576 2644 idemque
608 2597 866 2642 generosus
894 2587 967 2626 est
998 2587 1046 2626 et
1074 2582 1247 2640 gravis,
1285 2586 1333 2625 et
1364 2582 1473 2625 licet
1498 2583 1710 2639 copiosa,
1740 2587 1897 2626 tamen
1926 2583 2119 2627 rotundo
2152 2583 2282 2640 quasi
2330 2598 2393 2627 ex

209 2685 289 2715 ore
321 2669 422 2714 eius
454 2666 640 2726 profluit
671 2666 817 2710 oratio
849 2680 936 2710 nec
965 2665 1017 2709 fit
1047 2670 1254 2710 assumto
1284 2670 1449 2709 ornatu
1477 2666 1649 2722 putida.
1681 2666 1954 2709 Sententiae
1980 2666 2251 2723 perspicuae
2281 2672 2391 2709 sunt

213 2759 259 2797 ct
290 2752 493 2807 lucidae3
548 2764 704 2794 mores
735 2750 904 2808 optime
937 2749 1142 2807 depingit
1172 2753 1220 2792 et
1251 2750 1375 2792 vitae
1408 2750 1662 2792 communis
1694 2749 1940 2806 imaginem
1974 2749 2127 2792 vivide
2158 2748 2388 2804 exprimit.

208 2837 561 2879 Consummatur
592 2837 747 2876 autem
782 2832 929 2876 oratio
959 2837 1203 2876 venustate
1237 2838 1286 2876 et
1307 2832 1456 2890 gratia
1487 2832 1696 2875 omnibus
1726 2832 1932 2888 partibus
1962 2831 2143 2876 diffusa.
2207 2830 2393 2875 Deteri-

210 2933 262 2961 or
289 2921 362 2960 est
393 2917 438 2959 in
467 2929 617 2960 rerum
642 2915 943 2973 dispositione
974 2920 1022 2961 et
1053 2915 1229 2973 ordine,
1262 2920 1416 2961 tamen
1446 2920 1651 2975 apertam
1684 2919 1731 2959 et
1762 2920 2021 2960 accuratam
2055 2926 2213 2960 earum
2243 2914 2393 2972 expli-
