2713 3419
1202 212 1474 253 -10-

242 351 380 398 Attici
412 355 566 394 tamen
602 362 746 393 sensu
779 348 876 392 veri
910 352 957 392 et
989 348 1101 392 recti
1134 349 1340 406 apprime
1373 347 1567 406 praediti
1602 348 1678 392 diu
1704 349 1924 393 delectari
1958 365 2050 394 non
2078 358 2325 408 potuerunt
2342 354 2435 398 isti·

245 433 423 482 usmodi
454 431 748 492 eloquentiae
781 431 1072 475 tractatione.
1138 431 1295 482 Quum
1346 431 1468 475 enim
1499 431 1544 474 in
1577 431 1765 489 publico
1800 433 1944 476 verba
1978 433 2186 479 facerent
2216 442 2440 493 oratores,

242 520 301 563 ad
331 517 602 577 popularem
633 513 984 573 intelligentiam
1018 519 1065 558 et
1095 514 1155 557 ad
1186 514 1327 558 vitam
1360 527 1651 560 communem
1673 514 2019 559 accommodate
2047 517 2170 575 loqui
2192 519 2441 565 debebant.

242 602 561 653 Quamobrem
592 612 686 641 non
716 602 966 655 potuerunt
997 611 1089 641 non
1122 611 1227 641 eum
1258 610 1524 643 sermonem
1555 598 1762 657 recipere
1784 632 1796 655 ‚
1848 612 1938 657 quo
1980 613 2056 643 res
2098 600 2350 648 vividiores
2399 613 2445 650 et

244 685 538 731 efficaciores
575 681 840 727 redderent.
902 681 1062 725 Genus
1093 679 1231 738 igitur
1261 680 1439 726 dicendi
1471 683 1699 740 duplicem
1724 683 1770 726 in
1791 682 1975 727 modum
2006 682 2137 728 brevi
2164 684 2445 732 immutatum

245 774 347 824 est,
399 773 497 812 tum
547 778 631 824 per
684 765 897 822 politicos
927 768 1136 807 oratores
1169 768 1217 808 et
1247 764 1582 823 logographos,
1612 777 1804 824 quorum
1837 764 2067 823 principes
2099 766 2366 814 Andocides
2399 778 2446 815 et

246 854 421 912 Lysias
459 848 765 908 nugatoribus
805 846 906 889 istis
931 845 1198 902 sophisticis
1237 860 1370 889 suum
1402 848 1524 890 omni
1557 848 1665 891 fuco
1697 852 1930 892 carentem
1963 852 2012 891 ct
2040 848 2243 893 sobrium
2271 865 2445 897 sermo-

247 950 355 980 nem
385 932 719 991 opponebant,
760 934 855 970 tum
883 941 967 984 per
1001 928 1243 982 rhetores,
1296 928 1370 985 qui
1403 928 1589 972 dictioni
1620 930 1826 987 inprimis
1857 942 2012 974 curam
2041 930 2274 975 habebant
2294 966 2306 990 ,
2356 937 2443 993 pri-

251 1032 375 1063 mum
408 1028 492 1074 per
524 1010 926 1068 Thrasymachum
962 1015 1010 1053 et
1042 1010 1369 1066 Theodorum,
1401 1011 1568 1054 deinde
1601 1026 1686 1069 per
1718 1013 1986 1069 Isocratem,
2018 1014 2148 1057 cuius
2181 1015 2327 1060 virtus
2360 1025 2447 1065 est.

252 1108 301 1147 ut
330 1116 433 1144 eum
466 1095 659 1142 naturali
693 1098 940 1137 venustate
978 1093 1271 1136 coniunxerit
1304 1095 1598 1151 periodorum
1621 1097 1956 1153 expolitionem
1988 1103 2035 1140 et
2054 1099 2350 1143 mediocrium
2376 1116 2447 1144 or·

253 1188 570 1230 namentorum
603 1192 752 1222 usum.
816 1177 1029 1233 Denique
1062 1178 1407 1222 accommodata
1441 1184 1699 1236 opportune
1730 1181 1832 1224 loco
1865 1185 1913 1224 et
1942 1182 2137 1237 tempori
2171 1188 2219 1226 et
2237 1187 2448 1240 personis

252 1269 311 1312 ad
343 1277 587 1322 rerumque
615 1259 910 1304 dicendarum
943 1260 1116 1303 formas
1151 1261 1213 1303 ita
1243 1261 1451 1305 traducta
1482 1266 1555 1306 est
1588 1262 1751 1319 oratio,
1787 1268 1835 1307 ut
1866 1263 2059 1321 grandia
2091 1265 2214 1309 elate
2248 1270 2296 1310 et
2324 1281 2447 1326 mag-

250 1351 411 1403 nifice,
444 1346 596 1390 media
638 1347 894 1399 temperate
937 1348 984 1386 et
1011 1345 1328 1400 mediocriter,
1361 1358 1502 1402 parva
1536 1346 1736 1389 tenuiter
1773 1351 1820 1389 et
1851 1347 2080 1391 subtiliter
2110 1354 2446 1405 pertractaren-

251 1441 338 1479 tur.
371 1430 424 1487 ²⁹)
488 1424 837 1474 Demosthenes
870 1429 917 1469 et
947 1426 1137 1470 secundi
1171 1427 1229 1470 ab
1260 1426 1339 1471 illo
1377 1427 1645 1486 Lycurgus.
1676 1428 1937 1474 Aeschines
1957 1464 1968 1486 ,
2003 1430 2266 1489 Hyperides
2299 1434 2451 1478 omnia

252 1521 299 1562 in
331 1531 383 1561 se
411 1510 865 1571 comprehendentes
905 1522 1060 1552 veram
1117 1510 1407 1555 effinxerunt
1442 1511 1751 1569 eloquentiam
1785 1513 1903 1556 bene
1935 1518 2237 1571 temperatam
2271 1530 2333 1560 ex
2375 1518 2450 1560 tri-

251 1603 340 1643 bus
372 1599 461 1640 illis
495 1594 675 1637 dicendi
709 1591 973 1649 generibus.
1037 1593 1107 1634 lta
1143 1594 1202 1635 ad
1251 1594 1551 1650 perfectionis
1594 1594 1841 1651 fastigium
1873 1595 2165 1639 adscendens
2214 1598 2336 1640 facta
2381 1604 2453 1643 est

253 1683 456 1739 undique
486 1676 697 1737 perfecta
728 1674 908 1717 dicendi
940 1675 1078 1731 ratio,
1112 1682 1428 1721 consummata
1457 1678 1667 1722 nimirum
1696 1692 1835 1735 prosa
1865 1679 2024 1722 oratio.
2090 1681 2338 1731 Quaenam
2371 1695 2449 1726 au-

253 1774 349 1812 tem
380 1765 438 1808 de
472 1762 593 1806 omni
627 1758 808 1803 dicendi
840 1759 1017 1801 ratione
1051 1765 1299 1817 praecepta
1332 1762 1499 1805 tradita
1530 1762 1645 1805 sint.
1675 1763 1725 1817 ³0)
1757 1762 1794 1805 si
1828 1763 2115 1819 quaesiveris
2139 1798 2150 1818 ‚
2194 1765 2315 1808 adeo
2348 1766 2448 1809 exi-
2476 1790 2479 1792 —

252 1862 372 1909 guae
406 1851 514 1891 sunt
548 1845 684 1888 huius
718 1841 785 1886 rei
819 1840 1039 1899 reliquiae
1070 1848 1117 1885 ut
1150 1844 1396 1900 particulas
1442 1844 1577 1889 modo
1618 1845 1878 1889 rhetoricae
1910 1846 2022 1890 artis
2049 1860 2192 1905 aegre
2226 1848 2446 1906 colligere

253 1933 422 1991 possis.
487 1931 584 1976 Sed
615 1930 762 1988 ipsius
816 1923 1113 1969 institutionis
1146 1927 1261 1970 ratio
1312 1929 1482 1985 optime
1516 1928 1713 1986 perspici
1746 1933 1903 1985 potest
1930 1943 1992 1972 ex
2025 1929 2319 1974 Anaximene
2351 1932 2451 1975 sive

259 2032 322 2060 ex
353 2016 580 2059 rhetorica
612 2015 672 2058 ad
694 2011 1029 2058 Alexandrum.
1094 2011 1206 2053 Eius
1242 2012 1363 2053 enim
1397 2026 1537 2069 opere
1572 2011 1910 2068 comprehensa
1938 2026 2047 2055 esse
2075 2012 2303 2069 videntur,
2336 2027 2452 2073 quae

259 2101 437 2157 priores
467 2099 701 2143 senserint
733 2103 872 2156 atque
906 2096 1307 2154 excogitaverint.
1343 2102 1390 2138 et
1425 2097 1539 2138 haec
1570 2095 1837 2151 praeceptio
1870 2095 1988 2138 adeo
2022 2096 2239 2150 obtinuit,
2294 2102 2342 2140 ut
2379 2098 2453 2153 qui

260 2187 422 2241 postea
457 2182 732 2226 rhetoricam
764 2185 1070 2235 exercerent,
1107 2193 1209 2223 eam
1238 2179 1367 2236 quasi
1404 2193 1609 2222 normam
1643 2183 1961 2237 sequerentur.
2033 2180 2240 2225 Melioris
2273 2182 2456 2239 quidem

263 2267 492 2310 doctrinae
526 2279 689 2309 ansam
720 2265 809 2308 iam
842 2269 980 2308 antea
1012 2261 1222 2321 praebuit
1254 2261 1387 2305 Plato
1411 2296 1423 2316 ,
1477 2262 1561 2306 sed
1605 2262 1753 2320 magis
1800 2268 1850 2307 ut
1895 2277 2117 2320 perversa
2147 2263 2457 2320 sophistarum

263 2353 509 2406 praecepta
541 2348 824 2405 expelleret,
859 2352 905 2391 et
936 2346 1183 2400 indicaret,
1216 2357 1304 2402 qua
1338 2345 1382 2387 in
1414 2359 1462 2388 re
1490 2344 1777 2402 potissimum
1809 2345 2025 2389 absoluta
2056 2345 2235 2389 dicendi
2270 2351 2316 2390 et
2348 2347 2457 2391 scri-

260 2431 400 2474 bendi
431 2432 544 2474 ratio
576 2438 845 2473 versaretur
865 2463 876 2484 ,
909 2443 1043 2487 quam
1078 2433 1125 2471 ut
1158 2428 1439 2471 obsolveret.
1504 2428 1579 2470 Ab
1610 2427 1865 2471 Aristotele
1900 2427 2083 2471 demum
2115 2429 2353 2473 elaborata
2386 2435 2459 2473 est

262 2516 400 2572 plena
432 2514 608 2558 dicendi
643 2514 849 2557 doctrina
870 2546 879 2555 .
915 2514 973 2556 ad
1003 2523 1291 2555 communem
1326 2515 1479 2554 tameu
1513 2525 1644 2554 usum
1684 2512 1944 2555 oratoribus
1977 2512 2126 2556 minus
2156 2512 2294 2556 utilis.
2362 2513 2459 2556 lam

263 2598 484 2655 sequitur,
518 2602 567 2640 ut
591 2597 648 2640 de
674 2597 934 2640 oratoribus
968 2595 1095 2651 ipsis,
1133 2601 1351 2650 quantum
1385 2593 1713 2650 praestiterint,
1747 2594 1989 2638 dicendum
2020 2595 2244 2638 videatur.
2310 2595 2459 2639 Huius

262 2687 419 2723 tamen
451 2680 735 2723 recensionis
768 2680 1018 2736 periculum
1049 2682 1223 2719 tantum
1260 2677 1498 2731 facicilius,
1533 2677 1595 2719 ita
1627 2682 1675 2719 ut
1710 2678 1768 2720 ad
1804 2683 2016 2722 veterum
2048 2681 2099 2732 ³¹)
2157 2678 2359 2722 maxime
2393 2679 2457 2722 iu-

267 2765 379 2806 dicia
414 2776 502 2805 nos
533 2763 795 2822 dirigamus.
860 2760 1265 2811 Quemadmodum
1296 2765 1451 2803 autem
1490 2760 1651 2802 miram
1684 2760 1916 2804 hominum
1948 2762 1994 2804 in
2028 2775 2108 2804 ore
2141 2774 2194 2804 ac
2227 2762 2357 2805 vultu
2389 2774 2457 2804 ce-

266 2847 466 2902 terisque
499 2845 789 2889 lineamentis
822 2843 1236 2888 dissimilitudinem
1270 2848 1407 2900 atque
1440 2842 1756 2885 diversitatem
1789 2843 2020 2899 videmus,
2052 2844 2113 2887 ita
2149 2857 2207 2886 ne
2241 2843 2332 2885 duo
2364 2844 2457 2900 qui-

269 2928 371 2971 dem
405 2933 612 2973 oratores
644 2930 808 2973 eodem
840 2941 1031 2986 prorsus
1064 2926 1181 2969 inter
1226 2941 1276 2969 se
1319 2926 1425 2969 stilo
1477 2926 1734 2983 eademque
1777 2925 1956 2971 dicendi
1989 2927 2134 2971 forma
2167 2927 2458 2970 conveniunt.
