<?xml version="1.0" encoding="UTF-8"?>
<!DOCTYPE html PUBLIC "-//W3C//DTD XHTML 1.0 Transitional//EN"
    "http://www.w3.org/TR/xhtml1/DTD/xhtml1-transitional.dtd">
<html xmlns="http://www.w3.org/1999/xhtml" xml:lang="en" lang="en">
 <head>
  <title>
</title>
<meta http-equiv="Content-Type" content="text/html;charset=utf-8" />
  <meta name='ocr-system' content='tesseract 3.04.00' />
  <meta name='ocr-capabilities' content='ocr_page ocr_carea ocr_par ocr_line ocrx_word'/>
</head>
<body>
  <div class='ocr_page' id='page_1' title='image "4625153_0022.png"; bbox 0 0 2713 3419; ppageno 0'>
   <div class='ocr_carea' id='block_1_1' title="bbox 1196 214 1472 253">
    <p class='ocr_par' dir='ltr' id='par_1_1' title="bbox 1196 214 1472 253">
     <span class='ocr_line' id='line_1_1' title="bbox 1196 214 1472 253; baseline 0 -14"><span class='ocrx_word' id='word_1_1' title='bbox 1196 214 1472 253; x_wconf 66' lang='grc'>..14-</span> 
     </span>
    </p>
   </div>
   <div class='ocr_carea' id='block_1_2' title="bbox 248 345 2453 990">
    <p class='ocr_par' dir='ltr' id='par_1_2' title="bbox 248 345 2453 990">
     <span class='ocr_line' id='line_1_2' title="bbox 250 345 2443 407; baseline -0.001 -6"><span class='ocrx_word' id='word_1_2' title='bbox 250 355 387 401; x_wconf 90' lang='lat' dir='ltr'><strong>modo</strong></span> <span class='ocrx_word' id='word_1_3' title='bbox 417 349 634 405; x_wconf 80' lang='lat' dir='ltr'><strong>medium,</strong></span> <span class='ocrx_word' id='word_1_4' title='bbox 663 345 801 392; x_wconf 86' lang='lat' dir='ltr'><strong>modo</strong></span> <span class='ocrx_word' id='word_1_5' title='bbox 831 348 1026 393; x_wconf 87' lang='lat' dir='ltr'><strong>sublime</strong></span> <span class='ocrx_word' id='word_1_6' title='bbox 1061 348 1241 393; x_wconf 88' lang='lat' dir='ltr'><strong>dicendi</strong></span> <span class='ocrx_word' id='word_1_7' title='bbox 1272 364 1447 407; x_wconf 87' lang='lat' dir='ltr'><strong>genus,</strong></span> <span class='ocrx_word' id='word_1_8' title='bbox 1489 349 1665 406; x_wconf 80' lang='lat' dir='ltr'>Lysiae</span> <span class='ocrx_word' id='word_1_9' title='bbox 1708 352 1756 392; x_wconf 91' lang='lat' dir='ltr'><strong>et</strong></span> <span class='ocrx_word' id='word_1_10' title='bbox 1785 348 2038 407; x_wconf 84' lang='lat' dir='ltr'><strong>Hyperidis</strong></span> <span class='ocrx_word' id='word_1_11' title='bbox 2083 357 2131 396; x_wconf 87' lang='lat' dir='ltr'><strong>et</strong></span> <span class='ocrx_word' id='word_1_12' title='bbox 2165 352 2443 398; x_wconf 79' lang='lat' dir='ltr'><strong>Demosthe-</strong></span> 
     </span>
     <span class='ocr_line' id='line_1_3' title="bbox 250 430 2447 491; baseline 0 -10"><span class='ocrx_word' id='word_1_13' title='bbox 250 437 319 481; x_wconf 90' lang='lat' dir='ltr'><strong>nis</strong></span> <span class='ocrx_word' id='word_1_14' title='bbox 348 433 575 490; x_wconf 88' lang='lat' dir='ltr'><strong>aemulus,</strong></span> <span class='ocrx_word' id='word_1_15' title='bbox 606 432 840 490; x_wconf 90' lang='lat' dir='ltr'><strong>proprium</strong></span> <span class='ocrx_word' id='word_1_16' title='bbox 873 433 978 478; x_wconf 92' lang='lat' dir='ltr'><strong>ideo</strong></span> <span class='ocrx_word' id='word_1_17' title='bbox 1005 430 1319 476; x_wconf 81' lang='lat' dir='ltr'>characterem</span> <span class='ocrx_word' id='word_1_18' title='bbox 1351 445 1445 475; x_wconf 87' lang='lat' dir='ltr'><strong>non</strong></span> <span class='ocrx_word' id='word_1_19' title='bbox 1473 430 1670 475; x_wconf 74' lang='lat' dir='ltr'>adscivit</span> <span class='ocrx_word' id='word_1_20' title='bbox 1700 435 1747 475; x_wconf 90' lang='lat' dir='ltr'><strong>et</strong></span> <span class='ocrx_word' id='word_1_21' title='bbox 1777 445 1916 491; x_wconf 87' lang='lat' dir='ltr'><strong>quum</strong></span> <span class='ocrx_word' id='word_1_22' title='bbox 1946 445 1974 475; x_wconf 90' lang='lat' dir='ltr'><strong>a</strong></span> <span class='ocrx_word' id='word_1_23' title='bbox 1994 432 2312 480; x_wconf 75' lang='lat' dir='ltr'><strong>Demosthene</strong></span> <span class='ocrx_word' id='word_1_24' title='bbox 2350 437 2447 481; x_wconf 91' lang='lat' dir='ltr'><strong>lon-</strong></span> 
     </span>
     <span class='ocr_line' id='line_1_4' title="bbox 249 509 2453 576; baseline -0.003 -15"><span class='ocrx_word' id='word_1_25' title='bbox 249 532 308 576; x_wconf 88' lang='lat' dir='ltr'><strong>ge</strong></span> <span class='ocrx_word' id='word_1_26' title='bbox 338 522 468 562; x_wconf 83' lang='lat' dir='ltr'><strong>esset</strong></span> <span class='ocrx_word' id='word_1_27' title='bbox 497 515 700 574; x_wconf 66' lang='lat' dir='ltr'><strong>relictus,</strong></span> <span class='ocrx_word' id='word_1_28' title='bbox 732 514 1015 567; x_wconf 63' lang='grc' dir='ltr'><strong>Δημοσθένη,-</strong></span> <span class='ocrx_word' id='word_1_29' title='bbox 1043 514 1069 555; x_wconf 81' lang='lat'><strong>0‘</strong></span> <span class='ocrx_word' id='word_1_30' title='bbox 1096 512 1290 565; x_wconf 71' lang='grc' dir='ltr'><strong>ἄγροικος</strong></span> <span class='ocrx_word' id='word_1_31' title='bbox 1319 509 1345 564; x_wconf 77' lang='grc' dir='ltr'><em>ἤ</em></span> <span class='ocrx_word' id='word_1_32' title='bbox 1369 512 1558 562; x_wconf 67' lang='grc' dir='ltr'><em>κρίθινος</em></span> <span class='ocrx_word' id='word_1_33' title='bbox 1586 510 1777 564; x_wconf 76' lang='grc' dir='ltr'><em>ἤκουσεν.</em></span> <span class='ocrx_word' id='word_1_34' title='bbox 1825 514 2133 572; x_wconf 87' lang='lat' dir='ltr'><strong>Adiungimus</strong></span> <span class='ocrx_word' id='word_1_35' title='bbox 2158 549 2170 572; x_wconf 82' lang='lat'><strong>,</strong></span> <span class='ocrx_word' id='word_1_36' title='bbox 2199 520 2319 575; x_wconf 80' lang='lat' dir='ltr'><strong>quod</strong></span> <span class='ocrx_word' id='word_1_37' title='bbox 2353 522 2453 564; x_wconf 72' lang='lat' dir='ltr'><strong>ulfi-</strong></span> 
     </span>
     <span class='ocr_line' id='line_1_5' title="bbox 248 598 2453 660; baseline -0 -16"><span class='ocrx_word' id='word_1_38' title='bbox 248 616 351 645; x_wconf 89' lang='lat' dir='ltr'><strong>mus</strong></span> <span class='ocrx_word' id='word_1_39' title='bbox 382 600 577 645; x_wconf 83' lang='lat' dir='ltr'><strong>estsere</strong></span> <span class='ocrx_word' id='word_1_40' title='bbox 611 615 674 645; x_wconf 86' lang='lat' dir='ltr'><strong>ex</strong></span> <span class='ocrx_word' id='word_1_41' title='bbox 712 601 893 657; x_wconf 86' lang='lat' dir='ltr'><strong>Atticis,</strong></span> <span class='ocrx_word' id='word_1_42' title='bbox 928 601 1002 659; x_wconf 91' lang='lat' dir='ltr'><strong>qui</strong></span> <span class='ocrx_word' id='word_1_43' title='bbox 1033 598 1256 643; x_wconf 90' lang='lat' dir='ltr'><strong>nominari</strong></span> <span class='ocrx_word' id='word_1_44' title='bbox 1287 598 1439 655; x_wconf 81' lang='lat' dir='ltr'><strong>possit</strong></span> <span class='ocrx_word' id='word_1_45' title='bbox 1469 602 1641 654; x_wconf 82' lang='lat' dir='ltr'><strong>orator,</strong></span> <span class='ocrx_word' id='word_1_46' title='bbox 1671 598 1960 643; x_wconf 83' lang='lat' dir='ltr'><strong>Demetrium</strong></span> <span class='ocrx_word' id='word_1_47' title='bbox 1990 598 2286 654; x_wconf 88' lang='lat' dir='ltr'><strong>Phalereum,</strong></span> <span class='ocrx_word' id='word_1_48' title='bbox 2319 618 2453 660; x_wconf 78' lang='lat' dir='ltr'><strong>quem</strong></span> 
     </span>
     <span class='ocr_line' id='line_1_6' title="bbox 248 680 2436 742; baseline 0 -15"><span class='ocrx_word' id='word_1_49' title='bbox 248 685 296 727; x_wconf 90' lang='lat' dir='ltr'><strong>in</strong></span> <span class='ocrx_word' id='word_1_50' title='bbox 327 684 479 728; x_wconf 88' lang='lat' dir='ltr'><strong>medio</strong></span> <span class='ocrx_word' id='word_1_51' title='bbox 508 684 689 728; x_wconf 87' lang='lat' dir='ltr'><strong>dicendi</strong></span> <span class='ocrx_word' id='word_1_52' title='bbox 719 699 895 742; x_wconf 83' lang='lat' dir='ltr'><strong>genere</strong></span> <span class='ocrx_word' id='word_1_53' title='bbox 937 683 1147 727; x_wconf 86' lang='lat' dir='ltr'><strong>omnibus</strong></span> <span class='ocrx_word' id='word_1_54' title='bbox 1173 680 1381 739; x_wconf 82' lang='lat' dir='ltr'><strong>praefert</strong></span> <span class='ocrx_word' id='word_1_55' title='bbox 1411 681 1590 725; x_wconf 86' lang='lat' dir='ltr'><strong>Cicero.</strong></span> <span class='ocrx_word' id='word_1_56' title='bbox 1669 681 1866 725; x_wconf 83' lang='lat' dir='ltr'><strong>Multum</strong></span> <span class='ocrx_word' id='word_1_57' title='bbox 1898 682 2068 740; x_wconf 84' lang='lat' dir='ltr'><strong>ingenii</strong></span> <span class='ocrx_word' id='word_1_58' title='bbox 2100 683 2258 727; x_wconf 78' lang='lat' dir='ltr'>habuit</span> <span class='ocrx_word' id='word_1_59' title='bbox 2291 690 2339 728; x_wconf 90' lang='lat' dir='ltr'><strong>et</strong></span> <span class='ocrx_word' id='word_1_60' title='bbox 2369 686 2436 729; x_wconf 82' lang='lat' dir='ltr'><strong>fa-</strong></span> 
     </span>
     <span class='ocr_line' id='line_1_7' title="bbox 249 764 2453 822; baseline 0.001 -13"><span class='ocrx_word' id='word_1_61' title='bbox 249 766 444 810; x_wconf 90' lang='lat' dir='ltr'><strong>cundiae</strong></span> <span class='ocrx_word' id='word_1_62' title='bbox 475 770 537 822; x_wconf 88' lang='lat' dir='ltr'><strong>et,</strong></span> <span class='ocrx_word' id='word_1_63' title='bbox 569 770 619 810; x_wconf 91' lang='lat' dir='ltr'><strong>ut</strong></span> <span class='ocrx_word' id='word_1_64' title='bbox 650 767 815 811; x_wconf 87' lang='lat' dir='ltr'><strong>Cicero</strong></span> <span class='ocrx_word' id='word_1_65' title='bbox 847 768 933 822; x_wconf 90' lang='lat' dir='ltr'><strong>ait,</strong></span> <span class='ocrx_word' id='word_1_66' title='bbox 966 769 1120 809; x_wconf 88' lang='lat' dir='ltr'><strong>orator</strong></span> <span class='ocrx_word' id='word_1_67' title='bbox 1150 764 1237 807; x_wconf 85' lang='lat' dir='ltr'><strong>fuit</strong></span> <span class='ocrx_word' id='word_1_68' title='bbox 1270 776 1430 821; x_wconf 90' lang='lat' dir='ltr'><strong>parum</strong></span> <span class='ocrx_word' id='word_1_69' title='bbox 1464 765 1722 808; x_wconf 91' lang='lat' dir='ltr'><strong>vehemens</strong></span> <span class='ocrx_word' id='word_1_70' title='bbox 1743 797 1756 820; x_wconf 90' lang='lat'><strong>,</strong></span> <span class='ocrx_word' id='word_1_71' title='bbox 1805 764 1952 809; x_wconf 89' lang='lat' dir='ltr'><strong>dulcis</strong></span> <span class='ocrx_word' id='word_1_72' title='bbox 1980 769 2162 820; x_wconf 89' lang='lat' dir='ltr'><strong>tamen,</strong></span> <span class='ocrx_word' id='word_1_73' title='bbox 2225 772 2274 810; x_wconf 94' lang='lat' dir='ltr'><strong>ut</strong></span> <span class='ocrx_word' id='word_1_74' title='bbox 2298 768 2453 812; x_wconf 90' lang='lat' dir='ltr'><strong>Theo-</strong></span> 
     </span>
     <span class='ocr_line' id='line_1_8' title="bbox 250 846 2453 910; baseline 0.002 -19"><span class='ocrx_word' id='word_1_75' title='bbox 250 849 426 906; x_wconf 89' lang='lat' dir='ltr'><strong>phrasti</strong></span> <span class='ocrx_word' id='word_1_76' title='bbox 458 849 728 906; x_wconf 91' lang='lat' dir='ltr'><strong>discipulum</strong></span> <span class='ocrx_word' id='word_1_77' title='bbox 762 850 914 907; x_wconf 87' lang='lat' dir='ltr'><strong>possis</strong></span> <span class='ocrx_word' id='word_1_78' title='bbox 942 861 1217 906; x_wconf 89' lang='lat' dir='ltr'><strong>agnoscere.</strong></span> <span class='ocrx_word' id='word_1_79' title='bbox 1281 846 1409 889; x_wconf 83' lang='lat' dir='ltr'><strong>Illius</strong></span> <span class='ocrx_word' id='word_1_80' title='bbox 1442 850 1598 890; x_wconf 83' lang='lat' dir='ltr'><strong>aetate</strong></span> <span class='ocrx_word' id='word_1_81' title='bbox 1649 848 1886 892; x_wconf 85' lang='lat' dir='ltr'><strong>inclinavit</strong></span> <span class='ocrx_word' id='word_1_82' title='bbox 1924 849 2190 905; x_wconf 86' lang='lat' dir='ltr'><strong>eloquentia</strong></span> <span class='ocrx_word' id='word_1_83' title='bbox 2223 855 2270 893; x_wconf 90' lang='lat' dir='ltr'><strong>et</strong></span> <span class='ocrx_word' id='word_1_84' title='bbox 2304 853 2453 910; x_wconf 83' lang='lat' dir='ltr'><strong>magis</strong></span> 
     </span>
     <span class='ocr_line' id='line_1_9' title="bbox 261 931 1239 990; baseline -0.002 -15"><span class='ocrx_word' id='word_1_85' title='bbox 261 931 498 990; x_wconf 82' lang='lat' dir='ltr'><strong>magisque</strong></span> <span class='ocrx_word' id='word_1_86' title='bbox 525 931 649 977; x_wconf 82' lang='lat' dir='ltr'><strong>ludis</strong></span> <span class='ocrx_word' id='word_1_87' title='bbox 682 931 1024 989; x_wconf 86' lang='lat' dir='ltr'><strong>circumscripta</strong></span> <span class='ocrx_word' id='word_1_88' title='bbox 1054 932 1239 974; x_wconf 88' lang='lat' dir='ltr'><strong>latebat.</strong></span> 
     </span>
    </p>
   </div>
   <div class='ocr_carea' id='block_1_3' title="bbox 248 1101 2453 2993">
    <p class='ocr_par' dir='ltr' id='par_1_3' title="bbox 248 1101 2453 2993">
     <span class='ocr_line' id='line_1_10' title="bbox 453 1101 2453 1162; baseline 0.002 -16"><span class='ocrx_word' id='word_1_89' title='bbox 453 1105 548 1147; x_wconf 88' lang='lat' dir='ltr'><strong>Iam</strong></span> <span class='ocrx_word' id='word_1_90' title='bbox 576 1119 706 1160; x_wconf 88' lang='lat' dir='ltr'><strong>vero,</strong></span> <span class='ocrx_word' id='word_1_91' title='bbox 737 1105 859 1162; x_wconf 87' lang='lat' dir='ltr'><strong>quod</strong></span> <span class='ocrx_word' id='word_1_92' title='bbox 892 1102 1228 1160; x_wconf 75' lang='lat' dir='ltr'><strong>proposuimus,</strong></span> <span class='ocrx_word' id='word_1_93' title='bbox 1262 1101 1562 1157; x_wconf 80' lang='lat' dir='ltr'><strong>explanatum</strong></span> <span class='ocrx_word' id='word_1_94' title='bbox 1598 1106 1685 1157; x_wconf 85' lang='lat' dir='ltr'><strong>est,</strong></span> <span class='ocrx_word' id='word_1_95' title='bbox 1718 1108 1766 1145; x_wconf 89' lang='lat' dir='ltr'><strong>at</strong></span> <span class='ocrx_word' id='word_1_96' title='bbox 1797 1103 1991 1147; x_wconf 83' lang='lat' dir='ltr'><strong>fortisan</strong></span> <span class='ocrx_word' id='word_1_97' title='bbox 2009 1104 2310 1161; x_wconf 78' lang='lat' dir='ltr'><strong>quaeviseris,</strong></span> <span class='ocrx_word' id='word_1_98' title='bbox 2346 1120 2453 1149; x_wconf 88' lang='lat' dir='ltr'><strong>num</strong></span> 
     </span>
     <span class='ocr_line' id='line_1_11' title="bbox 253 1183 2453 1244; baseline 0.002 -17"><span class='ocrx_word' id='word_1_99' title='bbox 253 1190 569 1230; x_wconf 70' lang='lat' dir='ltr'><strong>consummata</strong></span> <span class='ocrx_word' id='word_1_100' title='bbox 600 1186 660 1230; x_wconf 84' lang='lat' dir='ltr'><strong>sit</strong></span> <span class='ocrx_word' id='word_1_101' title='bbox 688 1186 953 1231; x_wconf 83' lang='lat' dir='ltr'><strong>solaAttica</strong></span> <span class='ocrx_word' id='word_1_102' title='bbox 983 1184 1262 1242; x_wconf 82' lang='lat' dir='ltr'><strong>eloquentia.</strong></span> <span class='ocrx_word' id='word_1_103' title='bbox 1326 1183 1541 1241; x_wconf 87' lang='lat' dir='ltr'><strong>Undique</strong></span> <span class='ocrx_word' id='word_1_104' title='bbox 1590 1185 1829 1242; x_wconf 86' lang='lat' dir='ltr'><strong>expletam</strong></span> <span class='ocrx_word' id='word_1_105' title='bbox 1881 1191 1929 1230; x_wconf 88' lang='lat' dir='ltr'><strong>et</strong></span> <span class='ocrx_word' id='word_1_106' title='bbox 1980 1187 2232 1244; x_wconf 86' lang='lat' dir='ltr'><strong>perfectam</strong></span> <span class='ocrx_word' id='word_1_107' title='bbox 2269 1187 2453 1232; x_wconf 86' lang='lat' dir='ltr'><strong>dicendi</strong></span> 
     </span>
     <span class='ocr_line' id='line_1_12' title="bbox 251 1267 2452 1328; baseline 0.001 -17"><span class='ocrx_word' id='word_1_108' title='bbox 251 1269 470 1326; x_wconf 85' lang='lat' dir='ltr'><strong>formam,</strong></span> <span class='ocrx_word' id='word_1_109' title='bbox 504 1282 621 1328; x_wconf 89' lang='lat' dir='ltr'><strong>quae</strong></span> <span class='ocrx_word' id='word_1_110' title='bbox 655 1282 816 1312; x_wconf 89' lang='lat' dir='ltr'><strong>omnes</strong></span> <span class='ocrx_word' id='word_1_111' title='bbox 851 1268 1072 1311; x_wconf 86' lang='lat' dir='ltr'><strong>orationis</strong></span> <span class='ocrx_word' id='word_1_112' title='bbox 1105 1281 1323 1310; x_wconf 90' lang='lat' dir='ltr'><strong>numeros</strong></span> <span class='ocrx_word' id='word_1_113' title='bbox 1355 1267 1589 1310; x_wconf 84' lang='lat' dir='ltr'><strong>contineat</strong></span> <span class='ocrx_word' id='word_1_114' title='bbox 1616 1301 1627 1322; x_wconf 85' lang='lat'><strong>,</strong></span> <span class='ocrx_word' id='word_1_115' title='bbox 1660 1268 1706 1310; x_wconf 90' lang='lat' dir='ltr'><strong>in</strong></span> <span class='ocrx_word' id='word_1_116' title='bbox 1744 1273 1975 1312; x_wconf 89' lang='lat' dir='ltr'><strong>oratorum</strong></span> <span class='ocrx_word' id='word_1_117' title='bbox 2010 1270 2226 1327; x_wconf 85' lang='lat' dir='ltr'><strong>operibus</strong></span> <span class='ocrx_word' id='word_1_118' title='bbox 2257 1285 2452 1328; x_wconf 79' lang='lat' dir='ltr'><strong>expres-</strong></span> 
     </span>
     <span class='ocr_line' id='line_1_13' title="bbox 251 1350 2452 1406; baseline 0.002 -13"><span class='ocrx_word' id='word_1_119' title='bbox 251 1365 353 1394; x_wconf 85' lang='lat' dir='ltr'><strong>sam</strong></span> <span class='ocrx_word' id='word_1_120' title='bbox 386 1366 477 1394; x_wconf 91' lang='lat' dir='ltr'><strong>non</strong></span> <span class='ocrx_word' id='word_1_121' title='bbox 509 1352 733 1394; x_wconf 89' lang='lat' dir='ltr'><strong>invenies.</strong></span> <span class='ocrx_word' id='word_1_122' title='bbox 793 1352 982 1394; x_wconf 88' lang='lat' dir='ltr'><strong>Summa</strong></span> <span class='ocrx_word' id='word_1_123' title='bbox 1032 1351 1154 1393; x_wconf 91' lang='lat' dir='ltr'><strong>enim</strong></span> <span class='ocrx_word' id='word_1_124' title='bbox 1195 1351 1272 1392; x_wconf 89' lang='lat' dir='ltr'><strong>illa</strong></span> <span class='ocrx_word' id='word_1_125' title='bbox 1315 1350 1612 1406; x_wconf 86' lang='lat' dir='ltr'><strong>perfectionis</strong></span> <span class='ocrx_word' id='word_1_126' title='bbox 1646 1352 1830 1406; x_wconf 86' lang='lat' dir='ltr'><strong>species</strong></span> <span class='ocrx_word' id='word_1_127' title='bbox 1866 1357 2021 1395; x_wconf 88' lang='lat' dir='ltr'><strong>mente</strong></span> <span class='ocrx_word' id='word_1_128' title='bbox 2066 1359 2240 1396; x_wconf 88' lang='lat' dir='ltr'><strong>tantum</strong></span> <span class='ocrx_word' id='word_1_129' title='bbox 2274 1355 2452 1397; x_wconf 88' lang='lat' dir='ltr'><strong>confor-</strong></span> 
     </span>
     <span class='ocr_line' id='line_1_14' title="bbox 254 1433 2447 1492; baseline 0.001 -16"><span class='ocrx_word' id='word_1_130' title='bbox 254 1439 421 1489; x_wconf 89' lang='lat' dir='ltr'><strong>matur,</strong></span> <span class='ocrx_word' id='word_1_131' title='bbox 468 1447 605 1492; x_wconf 87' lang='lat' dir='ltr'><strong>quam</strong></span> <span class='ocrx_word' id='word_1_132' title='bbox 636 1434 819 1478; x_wconf 82' lang='lat' dir='ltr'><strong>intuens</strong></span> <span class='ocrx_word' id='word_1_133' title='bbox 863 1438 1018 1477; x_wconf 86' lang='lat' dir='ltr'><strong>orator</strong></span> <span class='ocrx_word' id='word_1_134' title='bbox 1066 1434 1333 1476; x_wconf 83' lang='lat' dir='ltr'><strong>imitationis</strong></span> <span class='ocrx_word' id='word_1_135' title='bbox 1381 1447 1535 1476; x_wconf 84' lang='lat' dir='ltr'><strong>curam</strong></span> <span class='ocrx_word' id='word_1_136' title='bbox 1590 1433 1754 1492; x_wconf 82' lang='lat' dir='ltr'><strong>dirigit.</strong></span> <span class='ocrx_word' id='word_1_137' title='bbox 1820 1435 1983 1484; x_wconf 70' lang='lat' dir='ltr'><strong>Quare</strong></span> <span class='ocrx_word' id='word_1_138' title='bbox 2016 1450 2108 1480; x_wconf 91' lang='lat' dir='ltr'><strong>non</strong></span> <span class='ocrx_word' id='word_1_139' title='bbox 2141 1436 2275 1481; x_wconf 88' lang='lat' dir='ltr'><strong>unius</strong></span> <span class='ocrx_word' id='word_1_140' title='bbox 2308 1437 2447 1481; x_wconf 84' lang='lat' dir='ltr'><strong>modo</strong></span> 
     </span>
     <span class='ocr_line' id='line_1_15' title="bbox 251 1517 2451 1575; baseline 0.001 -15"><span class='ocrx_word' id='word_1_141' title='bbox 251 1518 460 1572; x_wconf 82' lang='lat' dir='ltr'><strong>oratoris,</strong></span> <span class='ocrx_word' id='word_1_142' title='bbox 495 1518 704 1575; x_wconf 86' lang='lat' dir='ltr'><strong>quamvis</strong></span> <span class='ocrx_word' id='word_1_143' title='bbox 735 1518 795 1561; x_wconf 89' lang='lat' dir='ltr'><strong>sit</strong></span> <span class='ocrx_word' id='word_1_144' title='bbox 825 1517 1076 1574; x_wconf 83' lang='lat' dir='ltr'><strong>perfectus,</strong></span> <span class='ocrx_word' id='word_1_145' title='bbox 1107 1530 1250 1573; x_wconf 86' lang='lat' dir='ltr'><strong>opera</strong></span> <span class='ocrx_word' id='word_1_146' title='bbox 1284 1517 1416 1559; x_wconf 86' lang='lat' dir='ltr'><strong>unica</strong></span> <span class='ocrx_word' id='word_1_147' title='bbox 1450 1523 1496 1560; x_wconf 89' lang='lat' dir='ltr'><strong>et</strong></span> <span class='ocrx_word' id='word_1_148' title='bbox 1528 1517 1778 1574; x_wconf 70' lang='lat' dir='ltr'><strong>singularia</strong></span> <span class='ocrx_word' id='word_1_149' title='bbox 1808 1523 1915 1560; x_wconf 91' lang='lat' dir='ltr'><strong>sunt</strong></span> <span class='ocrx_word' id='word_1_150' title='bbox 1949 1520 2201 1575; x_wconf 85' lang='lat' dir='ltr'><strong>exempla,</strong></span> <span class='ocrx_word' id='word_1_151' title='bbox 2249 1534 2334 1563; x_wconf 89' lang='lat' dir='ltr'><strong>nec</strong></span> <span class='ocrx_word' id='word_1_152' title='bbox 2389 1521 2451 1563; x_wconf 87' lang='lat' dir='ltr'><strong>le-</strong></span> 
     </span>
     <span class='ocr_line' id='line_1_16' title="bbox 248 1599 2448 1659; baseline 0.001 -15"><span class='ocrx_word' id='word_1_153' title='bbox 248 1614 355 1657; x_wconf 90' lang='lat' dir='ltr'><strong>gem</strong></span> <span class='ocrx_word' id='word_1_154' title='bbox 386 1599 605 1643; x_wconf 87' lang='lat' dir='ltr'><strong>universe</strong></span> <span class='ocrx_word' id='word_1_155' title='bbox 637 1600 1003 1657; x_wconf 86' lang='lat' dir='ltr'><strong>obstringentem</strong></span> <span class='ocrx_word' id='word_1_156' title='bbox 1033 1600 1259 1642; x_wconf 83' lang='lat' dir='ltr'><strong>sanciunt.</strong></span> <span class='ocrx_word' id='word_1_157' title='bbox 1323 1600 1445 1642; x_wconf 85' lang='lat' dir='ltr'><strong>Nam</strong></span> <span class='ocrx_word' id='word_1_158' title='bbox 1477 1600 1534 1642; x_wconf 68' lang='lat' dir='ltr'><strong>aa</strong></span> <span class='ocrx_word' id='word_1_159' title='bbox 1571 1613 1747 1642; x_wconf 81' lang='lat' dir='ltr'><strong>summa</strong></span> <span class='ocrx_word' id='word_1_160' title='bbox 1777 1601 1968 1658; x_wconf 88' lang='lat' dir='ltr'><strong>quisque</strong></span> <span class='ocrx_word' id='word_1_161' title='bbox 1991 1605 2167 1644; x_wconf 87' lang='lat' dir='ltr'><strong>tantum</strong></span> <span class='ocrx_word' id='word_1_162' title='bbox 2185 1615 2448 1659; x_wconf 84' lang='lat' dir='ltr'><strong>assequen-</strong></span> 
     </span>
     <span class='ocr_line' id='line_1_17' title="bbox 248 1680 2446 1742; baseline 0.001 -16"><span class='ocrx_word' id='word_1_163' title='bbox 248 1682 310 1726; x_wconf 87' lang='lat' dir='ltr'><strong>da</strong></span> <span class='ocrx_word' id='word_1_164' title='bbox 339 1682 587 1726; x_wconf 85' lang='lat' dir='ltr'><strong>contendit.</strong></span> <span class='ocrx_word' id='word_1_165' title='bbox 649 1680 772 1727; x_wconf 72' lang='lat' dir='ltr'><strong>&#39;Vere</strong></span> <span class='ocrx_word' id='word_1_166' title='bbox 800 1684 959 1741; x_wconf 84' lang='lat' dir='ltr'><strong>igitur:</strong></span> <span class='ocrx_word' id='word_1_167' title='bbox 1023 1683 1161 1737; x_wconf 77' lang='lat' dir='ltr'><strong>„Non</strong></span> <span class='ocrx_word' id='word_1_168' title='bbox 1190 1682 1479 1740; x_wconf 83' lang='lat' dir='ltr'><strong>assequimur</strong></span> <span class='ocrx_word' id='word_1_169' title='bbox 1511 1682 1902 1740; x_wconf 75' lang='lat' dir='ltr'><strong>(perfectionem),</strong></span> <span class='ocrx_word' id='word_1_170' title='bbox 1935 1683 1999 1726; x_wconf 88' lang='lat' dir='ltr'><strong>ait</strong></span> <span class='ocrx_word' id='word_1_171' title='bbox 2026 1683 2216 1741; x_wconf 85' lang='lat' dir='ltr'><strong>Cicero,</strong></span> <span class='ocrx_word' id='word_1_172' title='bbox 2251 1689 2314 1741; x_wconf 83' lang='lat' dir='ltr'><strong>at,</strong></span> <span class='ocrx_word' id='word_1_173' title='bbox 2342 1686 2446 1742; x_wconf 88' lang='lat' dir='ltr'><strong>quid</strong></span> 
     </span>
     <span class='ocr_line' id='line_1_18' title="bbox 249 1765 2447 1825; baseline 0 -16"><span class='ocrx_word' id='word_1_174' title='bbox 249 1766 430 1823; x_wconf 89' lang='lat' dir='ltr'><strong>deceat,</strong></span> <span class='ocrx_word' id='word_1_175' title='bbox 461 1767 718 1811; x_wconf 64' lang='lat' dir='ltr'><strong>videmus.“</strong></span> <span class='ocrx_word' id='word_1_176' title='bbox 782 1767 958 1810; x_wconf 86' lang='lat' dir='ltr'><strong>Multae</strong></span> <span class='ocrx_word' id='word_1_177' title='bbox 993 1780 1104 1810; x_wconf 85' lang='lat' dir='ltr'><strong>sanc</strong></span> <span class='ocrx_word' id='word_1_178' title='bbox 1139 1770 1329 1809; x_wconf 79' lang='lat' dir='ltr'><strong>exstant</strong></span> <span class='ocrx_word' id='word_1_179' title='bbox 1356 1765 1536 1809; x_wconf 88' lang='lat' dir='ltr'><strong>dicendi</strong></span> <span class='ocrx_word' id='word_1_180' title='bbox 1567 1765 1744 1809; x_wconf 83' lang='lat' dir='ltr'><strong>formae</strong></span> <span class='ocrx_word' id='word_1_181' title='bbox 1777 1780 1859 1823; x_wconf 89' lang='lat' dir='ltr'><strong>pro</strong></span> <span class='ocrx_word' id='word_1_182' title='bbox 1892 1766 2080 1825; x_wconf 83' lang='lat' dir='ltr'><strong>ingenio</strong></span> <span class='ocrx_word' id='word_1_183' title='bbox 2100 1767 2322 1825; x_wconf 88' lang='lat' dir='ltr'><strong>cuiusque</strong></span> <span class='ocrx_word' id='word_1_184' title='bbox 2345 1781 2447 1811; x_wconf 84' lang='lat' dir='ltr'><strong>ora-</strong></span> 
     </span>
     <span class='ocr_line' id='line_1_19' title="bbox 249 1850 2450 1913; baseline -0.003 -12"><span class='ocrx_word' id='word_1_185' title='bbox 249 1857 363 1901; x_wconf 89' lang='lat' dir='ltr'><strong>toris</strong></span> <span class='ocrx_word' id='word_1_186' title='bbox 391 1853 593 1913; x_wconf 87' lang='lat' dir='ltr'><strong>proprio,</strong></span> <span class='ocrx_word' id='word_1_187' title='bbox 625 1851 709 1895; x_wconf 85' lang='lat' dir='ltr'><strong>sed</strong></span> <span class='ocrx_word' id='word_1_188' title='bbox 741 1851 862 1908; x_wconf 88' lang='lat' dir='ltr'><strong>quod</strong></span> <span class='ocrx_word' id='word_1_189' title='bbox 896 1854 1105 1892; x_wconf 83' lang='lat' dir='ltr'><strong>oratores</strong></span> <span class='ocrx_word' id='word_1_190' title='bbox 1136 1850 1281 1892; x_wconf 78' lang='lat' dir='ltr'><strong>aciem</strong></span> <span class='ocrx_word' id='word_1_191' title='bbox 1313 1850 1479 1892; x_wconf 86' lang='lat' dir='ltr'><strong>mentis</strong></span> <span class='ocrx_word' id='word_1_192' title='bbox 1512 1864 1539 1893; x_wconf 92' lang='lat' dir='ltr'><strong>a</strong></span> <span class='ocrx_word' id='word_1_193' title='bbox 1572 1850 1751 1907; x_wconf 74' lang='lat' dir='ltr'><strong>vulgari</strong></span> <span class='ocrx_word' id='word_1_194' title='bbox 1773 1850 2108 1894; x_wconf 87' lang='lat' dir='ltr'><strong>consuetudine</strong></span> <span class='ocrx_word' id='word_1_195' title='bbox 2139 1851 2450 1906; x_wconf 82' lang='lat' dir='ltr'><strong>abduxerunt,</strong></span> 
     </span>
     <span class='ocr_line' id='line_1_20' title="bbox 251 1932 2445 1991; baseline -0.003 -7"><span class='ocrx_word' id='word_1_196' title='bbox 251 1945 298 1984; x_wconf 88' lang='lat' dir='ltr'><strong>ct</strong></span> <span class='ocrx_word' id='word_1_197' title='bbox 330 1939 603 1982; x_wconf 87' lang='lat' dir='ltr'><strong>direxerunt</strong></span> <span class='ocrx_word' id='word_1_198' title='bbox 634 1935 692 1978; x_wconf 89' lang='lat' dir='ltr'><strong>ad</strong></span> <span class='ocrx_word' id='word_1_199' title='bbox 729 1934 932 1991; x_wconf 86' lang='lat' dir='ltr'><strong>speciem</strong></span> <span class='ocrx_word' id='word_1_200' title='bbox 963 1933 1085 1974; x_wconf 84' lang='lat' dir='ltr'><strong>illam</strong></span> <span class='ocrx_word' id='word_1_201' title='bbox 1114 1932 1404 1974; x_wconf 83' lang='lat' dir='ltr'><strong>informatam</strong></span> <span class='ocrx_word' id='word_1_202' title='bbox 1436 1938 1482 1975; x_wconf 89' lang='lat' dir='ltr'><strong>et</strong></span> <span class='ocrx_word' id='word_1_203' title='bbox 1517 1933 1769 1990; x_wconf 82' lang='lat' dir='ltr'><strong>perfectam</strong></span> <span class='ocrx_word' id='word_1_204' title='bbox 1789 1966 1802 1988; x_wconf 88' lang='lat'><strong>,</strong></span> <span class='ocrx_word' id='word_1_205' title='bbox 1853 1938 1991 1991; x_wconf 88' lang='lat' dir='ltr'><strong>atquc</strong></span> <span class='ocrx_word' id='word_1_206' title='bbox 2027 1935 2073 1976; x_wconf 87' lang='lat' dir='ltr'><strong>in</strong></span> <span class='ocrx_word' id='word_1_207' title='bbox 2104 1935 2314 1978; x_wconf 87' lang='lat' dir='ltr'><strong>veritatis</strong></span> <span class='ocrx_word' id='word_1_208' title='bbox 2348 1937 2445 1977; x_wconf 87' lang='lat' dir='ltr'><strong>imi-</strong></span> 
     </span>
     <span class='ocr_line' id='line_1_21' title="bbox 249 2018 2439 2080; baseline -0.002 -12"><span class='ocrx_word' id='word_1_209' title='bbox 249 2024 418 2068; x_wconf 85' lang='lat' dir='ltr'><strong>tandae</strong></span> <span class='ocrx_word' id='word_1_210' title='bbox 449 2035 624 2080; x_wconf 88' lang='lat' dir='ltr'><strong>genere</strong></span> <span class='ocrx_word' id='word_1_211' title='bbox 659 2024 916 2071; x_wconf 77' lang='lat' dir='ltr'><strong>versantur,</strong></span> <span class='ocrx_word' id='word_1_212' title='bbox 949 2019 993 2060; x_wconf 89' lang='lat' dir='ltr'><strong>in</strong></span> <span class='ocrx_word' id='word_1_213' title='bbox 1031 2019 1115 2060; x_wconf 77' lang='lat' dir='ltr'><strong>hor</strong></span> <span class='ocrx_word' id='word_1_214' title='bbox 1147 2022 1253 2060; x_wconf 88' lang='lat' dir='ltr'><strong>sunt</strong></span> <span class='ocrx_word' id='word_1_215' title='bbox 1288 2018 1542 2073; x_wconf 86' lang='lat' dir='ltr'><strong>spec-tandi,</strong></span> <span class='ocrx_word' id='word_1_216' title='bbox 1566 2019 1611 2060; x_wconf 91' lang='lat' dir='ltr'><strong>in</strong></span> <span class='ocrx_word' id='word_1_217' title='bbox 1645 2019 1731 2060; x_wconf 90' lang='lat' dir='ltr'><strong>hoc</strong></span> <span class='ocrx_word' id='word_1_218' title='bbox 1761 2019 1981 2061; x_wconf 89' lang='lat' dir='ltr'><strong>imitandi.</strong></span> <span class='ocrx_word' id='word_1_219' title='bbox 2046 2020 2124 2062; x_wconf 86' lang='lat' dir='ltr'><strong>Vis</strong></span> <span class='ocrx_word' id='word_1_220' title='bbox 2157 2023 2312 2063; x_wconf 87' lang='lat' dir='ltr'><strong>autem</strong></span> <span class='ocrx_word' id='word_1_221' title='bbox 2345 2035 2439 2063; x_wconf 92' lang='lat' dir='ltr'><strong>om-</strong></span> 
     </span>
     <span class='ocr_line' id='line_1_22' title="bbox 249 2100 2446 2159; baseline -0.002 -9"><span class='ocrx_word' id='word_1_222' title='bbox 249 2108 323 2151; x_wconf 85' lang='lat' dir='ltr'><strong>nis</strong></span> <span class='ocrx_word' id='word_1_223' title='bbox 353 2105 548 2149; x_wconf 88' lang='lat' dir='ltr'><strong>oratoris</strong></span> <span class='ocrx_word' id='word_1_224' title='bbox 581 2102 789 2146; x_wconf 75' lang='lat' dir='ltr'><strong>consistit</strong></span> <span class='ocrx_word' id='word_1_225' title='bbox 820 2101 864 2142; x_wconf 90' lang='lat' dir='ltr'><strong>in</strong></span> <span class='ocrx_word' id='word_1_226' title='bbox 897 2115 969 2154; x_wconf 83' lang='lat' dir='ltr'><strong>eo,</strong></span> <span class='ocrx_word' id='word_1_227' title='bbox 1009 2106 1056 2143; x_wconf 92' lang='lat' dir='ltr'><strong>ut</strong></span> <span class='ocrx_word' id='word_1_228' title='bbox 1088 2100 1224 2142; x_wconf 83' lang='lat' dir='ltr'><strong>tidem</strong></span> <span class='ocrx_word' id='word_1_229' title='bbox 1261 2100 1450 2151; x_wconf 78' lang='lat' dir='ltr'><strong>efficiat,</strong></span> <span class='ocrx_word' id='word_1_230' title='bbox 1480 2114 1670 2157; x_wconf 88' lang='lat' dir='ltr'><strong>remque</strong></span> <span class='ocrx_word' id='word_1_231' title='bbox 1700 2101 1986 2156; x_wconf 86' lang='lat' dir='ltr'><strong>probabilem</strong></span> <span class='ocrx_word' id='word_1_232' title='bbox 2009 2102 2187 2156; x_wconf 87' lang='lat' dir='ltr'><strong>reddat,</strong></span> <span class='ocrx_word' id='word_1_233' title='bbox 2220 2107 2282 2157; x_wconf 84' lang='lat' dir='ltr'><strong>et,</strong></span> <span class='ocrx_word' id='word_1_234' title='bbox 2305 2116 2446 2159; x_wconf 90' lang='lat' dir='ltr'><strong>quan-</strong></span> 
     </span>
     <span class='ocr_line' id='line_1_23' title="bbox 249 2182 2449 2245; baseline -0.002 -11"><span class='ocrx_word' id='word_1_235' title='bbox 249 2195 346 2235; x_wconf 88' lang='lat' dir='ltr'><strong>tum</strong></span> <span class='ocrx_word' id='word_1_236' title='bbox 377 2188 475 2233; x_wconf 87' lang='lat' dir='ltr'><strong>fieri</strong></span> <span class='ocrx_word' id='word_1_237' title='bbox 506 2190 693 2245; x_wconf 76' lang='lat' dir='ltr'><strong>potest,</strong></span> <span class='ocrx_word' id='word_1_238' title='bbox 732 2182 827 2227; x_wconf 83' lang='lat' dir='ltr'><strong>veri</strong></span> <span class='ocrx_word' id='word_1_239' title='bbox 862 2183 1054 2227; x_wconf 80' lang='lat' dir='ltr'><strong>scientia</strong></span> <span class='ocrx_word' id='word_1_240' title='bbox 1086 2182 1304 2230; x_wconf 71' lang='lat' dir='ltr'><strong>stabiliat,</strong></span> <span class='ocrx_word' id='word_1_241' title='bbox 1337 2183 1399 2226; x_wconf 88' lang='lat' dir='ltr'><strong>ita</strong></span> <span class='ocrx_word' id='word_1_242' title='bbox 1433 2187 1480 2226; x_wconf 88' lang='lat' dir='ltr'><strong>ut</strong></span> <span class='ocrx_word' id='word_1_243' title='bbox 1512 2182 1767 2239; x_wconf 83' lang='lat' dir='ltr'><strong>auditores,</strong></span> <span class='ocrx_word' id='word_1_244' title='bbox 1803 2184 1924 2242; x_wconf 90' lang='lat' dir='ltr'><strong>quod</strong></span> <span class='ocrx_word' id='word_1_245' title='bbox 1954 2184 2151 2229; x_wconf 87' lang='lat' dir='ltr'><strong>suadeat</strong></span> <span class='ocrx_word' id='word_1_246' title='bbox 2187 2188 2235 2227; x_wconf 92' lang='lat' dir='ltr'><strong>ct</strong></span> <span class='ocrx_word' id='word_1_247' title='bbox 2268 2184 2449 2238; x_wconf 80' lang='lat' dir='ltr'><strong>doceat,</strong></span> 
     </span>
     <span class='ocr_line' id='line_1_24' title="bbox 251 2266 2445 2329; baseline -0.003 -13"><span class='ocrx_word' id='word_1_248' title='bbox 251 2276 414 2329; x_wconf 84' lang='lat' dir='ltr'><strong>sponte</strong></span> <span class='ocrx_word' id='word_1_249' title='bbox 447 2274 712 2328; x_wconf 84' lang='lat' dir='ltr'><strong>sequantur.</strong></span> <span class='ocrx_word' id='word_1_250' title='bbox 778 2268 863 2310; x_wconf 75' lang='lat' dir='ltr'><strong>Est</strong></span> <span class='ocrx_word' id='word_1_251' title='bbox 896 2268 1030 2324; x_wconf 84' lang='lat' dir='ltr'><strong>igitur</strong></span> <span class='ocrx_word' id='word_1_252' title='bbox 1063 2266 1320 2308; x_wconf 77' lang='lat' dir='ltr'><strong>rhetoricae</strong></span> <span class='ocrx_word' id='word_1_253' title='bbox 1352 2281 1532 2320; x_wconf 86' lang='lat' dir='ltr'><strong>munus,</strong></span> <span class='ocrx_word' id='word_1_254' title='bbox 1562 2271 1612 2309; x_wconf 89' lang='lat' dir='ltr'><strong>ut</strong></span> <span class='ocrx_word' id='word_1_255' title='bbox 1641 2267 1832 2309; x_wconf 89' lang='lat' dir='ltr'><strong>rationis</strong></span> <span class='ocrx_word' id='word_1_256' title='bbox 1869 2268 2114 2310; x_wconf 86' lang='lat' dir='ltr'><strong>dictamina</strong></span> <span class='ocrx_word' id='word_1_257' title='bbox 2145 2267 2204 2310; x_wconf 88' lang='lat' dir='ltr'><strong>ad</strong></span> <span class='ocrx_word' id='word_1_258' title='bbox 2226 2268 2317 2311; x_wconf 81' lang='lat' dir='ltr'><strong>vim</strong></span> <span class='ocrx_word' id='word_1_259' title='bbox 2336 2269 2445 2311; x_wconf 89' lang='lat' dir='ltr'><strong>ima-</strong></span> 
     </span>
     <span class='ocr_line' id='line_1_25' title="bbox 261 2348 2444 2412; baseline -0.002 -15"><span class='ocrx_word' id='word_1_260' title='bbox 261 2353 509 2412; x_wconf 83' lang='lat' dir='ltr'><strong>ginationis</strong></span> <span class='ocrx_word' id='word_1_261' title='bbox 538 2351 738 2409; x_wconf 85' lang='lat' dir='ltr'><strong>applicet</strong></span> <span class='ocrx_word' id='word_1_262' title='bbox 776 2354 821 2392; x_wconf 84' lang='lat' dir='ltr'><strong>et</strong></span> <span class='ocrx_word' id='word_1_263' title='bbox 851 2348 1166 2392; x_wconf 79' lang='lat' dir='ltr'><strong>accommodet</strong></span> <span class='ocrx_word' id='word_1_264' title='bbox 1211 2348 1270 2390; x_wconf 84' lang='lat' dir='ltr'><strong>ad</strong></span> <span class='ocrx_word' id='word_1_265' title='bbox 1303 2348 1599 2391; x_wconf 89' lang='lat' dir='ltr'><strong>excitandum</strong></span> <span class='ocrx_word' id='word_1_266' title='bbox 1631 2349 1883 2404; x_wconf 89' lang='lat' dir='ltr'><strong>appetitum</strong></span> <span class='ocrx_word' id='word_1_267' title='bbox 1916 2354 1963 2392; x_wconf 90' lang='lat' dir='ltr'><strong>et</strong></span> <span class='ocrx_word' id='word_1_268' title='bbox 1994 2350 2293 2393; x_wconf 85' lang='lat' dir='ltr'><strong>voluntatem.</strong></span> <span class='ocrx_word' id='word_1_269' title='bbox 2359 2351 2444 2393; x_wconf 87' lang='lat' dir='ltr'><strong>Hic</strong></span> 
     </span>
     <span class='ocr_line' id='line_1_26' title="bbox 251 2432 2448 2493; baseline -0.003 -12"><span class='ocrx_word' id='word_1_270' title='bbox 251 2451 346 2481; x_wconf 87' lang='lat' dir='ltr'><strong>non</strong></span> <span class='ocrx_word' id='word_1_271' title='bbox 359 2437 576 2493; x_wconf 89' lang='lat' dir='ltr'><strong>cuiusque</strong></span> <span class='ocrx_word' id='word_1_272' title='bbox 589 2434 818 2477; x_wconf 86' lang='lat' dir='ltr'><strong>sermonis</strong></span> <span class='ocrx_word' id='word_1_273' title='bbox 831 2439 902 2476; x_wconf 82' lang='lat' dir='ltr'><strong>est</strong></span> <span class='ocrx_word' id='word_1_274' title='bbox 932 2432 1057 2487; x_wconf 73' lang='lat' dir='ltr'><strong>linis3</strong></span> <span class='ocrx_word' id='word_1_275' title='bbox 1079 2445 1182 2473; x_wconf 72' lang='lat' dir='ltr'><strong>nain</strong></span> <span class='ocrx_word' id='word_1_276' title='bbox 1204 2432 1496 2473; x_wconf 84' lang='lat' dir='ltr'><strong>historiarum</strong></span> <span class='ocrx_word' id='word_1_277' title='bbox 1529 2432 1792 2488; x_wconf 82' lang='lat' dir='ltr'><strong>expositio,</strong></span> <span class='ocrx_word' id='word_1_278' title='bbox 1825 2433 2146 2489; x_wconf 87' lang='lat' dir='ltr'><strong>philosophiae</strong></span> <span class='ocrx_word' id='word_1_279' title='bbox 2180 2434 2448 2490; x_wconf 86' lang='lat' dir='ltr'><strong>explicatio,</strong></span> 
     </span>
     <span class='ocr_line' id='line_1_27' title="bbox 251 2514 2446 2576; baseline -0.002 -12"><span class='ocrx_word' id='word_1_280' title='bbox 251 2520 574 2576; x_wconf 83' lang='lat' dir='ltr'><strong>descriptionis</strong></span> <span class='ocrx_word' id='word_1_281' title='bbox 603 2532 679 2560; x_wconf 91' lang='lat' dir='ltr'><strong>ars</strong></span> <span class='ocrx_word' id='word_1_282' title='bbox 710 2517 800 2559; x_wconf 84' lang='lat' dir='ltr'><strong>vim</strong></span> <span class='ocrx_word' id='word_1_283' title='bbox 832 2530 965 2559; x_wconf 81' lang='lat' dir='ltr'><strong>suam</strong></span> <span class='ocrx_word' id='word_1_284' title='bbox 991 2520 1039 2557; x_wconf 90' lang='lat' dir='ltr'><strong>et</strong></span> <span class='ocrx_word' id='word_1_285' title='bbox 1071 2514 1289 2558; x_wconf 81' lang='lat' dir='ltr'><strong>effectum</strong></span> <span class='ocrx_word' id='word_1_286' title='bbox 1324 2518 1660 2571; x_wconf 88' lang='lat' dir='ltr'><strong>assequuntur,</strong></span> <span class='ocrx_word' id='word_1_287' title='bbox 1701 2516 1740 2557; x_wconf 90' lang='lat' dir='ltr'><strong>si</strong></span> <span class='ocrx_word' id='word_1_288' title='bbox 1775 2529 1932 2558; x_wconf 88' lang='lat' dir='ltr'><strong>veram</strong></span> <span class='ocrx_word' id='word_1_289' title='bbox 1963 2521 2010 2558; x_wconf 91' lang='lat' dir='ltr'><strong>et</strong></span> <span class='ocrx_word' id='word_1_290' title='bbox 2045 2516 2338 2573; x_wconf 87' lang='lat' dir='ltr'><strong>perspicuam</strong></span> <span class='ocrx_word' id='word_1_291' title='bbox 2381 2518 2446 2559; x_wconf 79' lang='lat' dir='ltr'><strong>rei</strong></span> 
     </span>
     <span class='ocr_line' id='line_1_28' title="bbox 251 2597 2445 2661; baseline -0.003 -13"><span class='ocrx_word' id='word_1_292' title='bbox 251 2603 497 2661; x_wconf 87' lang='lat' dir='ltr'><strong>expositae</strong></span> <span class='ocrx_word' id='word_1_293' title='bbox 530 2600 776 2658; x_wconf 86' lang='lat' dir='ltr'><strong>imaginem</strong></span> <span class='ocrx_word' id='word_1_294' title='bbox 810 2599 1088 2653; x_wconf 83' lang='lat' dir='ltr'><strong>exhibeant,</strong></span> <span class='ocrx_word' id='word_1_295' title='bbox 1130 2612 1213 2641; x_wconf 87' lang='lat' dir='ltr'><strong>nec</strong></span> <span class='ocrx_word' id='word_1_296' title='bbox 1245 2597 1478 2655; x_wconf 89' lang='lat' dir='ltr'><strong>quomodo</strong></span> <span class='ocrx_word' id='word_1_297' title='bbox 1510 2602 1714 2642; x_wconf 90' lang='lat' dir='ltr'><strong>mentem</strong></span> <span class='ocrx_word' id='word_1_298' title='bbox 1745 2602 1793 2642; x_wconf 88' lang='lat' dir='ltr'><strong>et</strong></span> <span class='ocrx_word' id='word_1_299' title='bbox 1823 2598 2024 2643; x_wconf 90' lang='lat' dir='ltr'><strong>animum</strong></span> <span class='ocrx_word' id='word_1_300' title='bbox 2056 2598 2310 2657; x_wconf 86' lang='lat' dir='ltr'><strong>legentium</strong></span> <span class='ocrx_word' id='word_1_301' title='bbox 2343 2597 2445 2642; x_wconf 85' lang='lat' dir='ltr'><strong>affi-</strong></span> 
     </span>
     <span class='ocr_line' id='line_1_29' title="bbox 251 2680 2444 2744; baseline -0.003 -13"><span class='ocrx_word' id='word_1_302' title='bbox 251 2688 396 2740; x_wconf 85' lang='lat' dir='ltr'><strong>ciant,</strong></span> <span class='ocrx_word' id='word_1_303' title='bbox 438 2697 719 2744; x_wconf 83' lang='lat' dir='ltr'><strong>magnopere</strong></span> <span class='ocrx_word' id='word_1_304' title='bbox 751 2680 909 2736; x_wconf 86' lang='lat' dir='ltr'><strong>refert,</strong></span> <span class='ocrx_word' id='word_1_305' title='bbox 949 2682 1034 2724; x_wconf 84' lang='lat' dir='ltr'><strong>sed</strong></span> <span class='ocrx_word' id='word_1_306' title='bbox 1066 2681 1233 2724; x_wconf 88' lang='lat' dir='ltr'><strong>oratori</strong></span> <span class='ocrx_word' id='word_1_307' title='bbox 1263 2694 1355 2723; x_wconf 89' lang='lat' dir='ltr'><strong>non</strong></span> <span class='ocrx_word' id='word_1_308' title='bbox 1386 2681 1501 2724; x_wconf 86' lang='lat' dir='ltr'><strong>satis</strong></span> <span class='ocrx_word' id='word_1_309' title='bbox 1533 2685 1605 2724; x_wconf 89' lang='lat' dir='ltr'><strong>est</strong></span> <span class='ocrx_word' id='word_1_310' title='bbox 1633 2681 1994 2725; x_wconf 90' lang='lat' dir='ltr'><strong>demonstrando</strong></span> <span class='ocrx_word' id='word_1_311' title='bbox 2028 2680 2237 2738; x_wconf 84' lang='lat' dir='ltr'><strong>efficere,</strong></span> <span class='ocrx_word' id='word_1_312' title='bbox 2277 2686 2326 2725; x_wconf 92' lang='lat' dir='ltr'><strong>ut</strong></span> <span class='ocrx_word' id='word_1_313' title='bbox 2364 2682 2444 2725; x_wconf 89' lang='lat' dir='ltr'><strong>eli-</strong></span> 
     </span>
     <span class='ocr_line' id='line_1_30' title="bbox 254 2764 2443 2827; baseline -0.004 -13"><span class='ocrx_word' id='word_1_314' title='bbox 254 2784 363 2826; x_wconf 77' lang='lat' dir='ltr'><strong>gere</strong></span> <span class='ocrx_word' id='word_1_315' title='bbox 395 2768 502 2827; x_wconf 89' lang='lat' dir='ltr'><strong>quid</strong></span> <span class='ocrx_word' id='word_1_316' title='bbox 539 2768 730 2821; x_wconf 88' lang='lat' dir='ltr'><strong>faciant,</strong></span> <span class='ocrx_word' id='word_1_317' title='bbox 764 2765 1004 2809; x_wconf 82' lang='lat' dir='ltr'><strong>auditores</strong></span> <span class='ocrx_word' id='word_1_318' title='bbox 1044 2765 1248 2820; x_wconf 76' lang='lat' dir='ltr'><strong>possint,</strong></span> <span class='ocrx_word' id='word_1_319' title='bbox 1286 2764 1372 2807; x_wconf 91' lang='lat' dir='ltr'><strong>scd</strong></span> <span class='ocrx_word' id='word_1_320' title='bbox 1416 2764 1647 2807; x_wconf 88' lang='lat' dir='ltr'><strong>deducere</strong></span> <span class='ocrx_word' id='word_1_321' title='bbox 1694 2764 1836 2808; x_wconf 87' lang='lat' dir='ltr'><strong>debet</strong></span> <span class='ocrx_word' id='word_1_322' title='bbox 1872 2764 2053 2808; x_wconf 90' lang='lat' dir='ltr'><strong>animos</strong></span> <span class='ocrx_word' id='word_1_323' title='bbox 2092 2778 2285 2820; x_wconf 89' lang='lat' dir='ltr'><strong>eorum,</strong></span> <span class='ocrx_word' id='word_1_324' title='bbox 2322 2764 2443 2807; x_wconf 90' lang='lat' dir='ltr'><strong>unde</strong></span> 
     </span>
     <span class='ocr_line' id='line_1_31' title="bbox 256 2847 2444 2909; baseline -0.002 -15"><span class='ocrx_word' id='word_1_325' title='bbox 256 2853 366 2894; x_wconf 86' lang='lat' dir='ltr'><strong>velit</strong></span> <span class='ocrx_word' id='word_1_326' title='bbox 405 2856 452 2895; x_wconf 90' lang='lat' dir='ltr'><strong>et</strong></span> <span class='ocrx_word' id='word_1_327' title='bbox 489 2865 579 2909; x_wconf 91' lang='lat' dir='ltr'><strong>quo</strong></span> <span class='ocrx_word' id='word_1_328' title='bbox 622 2849 733 2893; x_wconf 90' lang='lat' dir='ltr'><strong>velit</strong></span> <span class='ocrx_word' id='word_1_329' title='bbox 768 2849 1006 2907; x_wconf 89' lang='lat' dir='ltr'><strong>impellere</strong></span> <span class='ocrx_word' id='word_1_330' title='bbox 1054 2851 1188 2905; x_wconf 88' lang='lat' dir='ltr'><strong>atque</strong></span> <span class='ocrx_word' id='word_1_331' title='bbox 1227 2848 1290 2890; x_wconf 88' lang='lat' dir='ltr'><strong>ita</strong></span> <span class='ocrx_word' id='word_1_332' title='bbox 1327 2847 1602 2891; x_wconf 85' lang='lat' dir='ltr'><strong>constrictos</strong></span> <span class='ocrx_word' id='word_1_333' title='bbox 1655 2851 1848 2901; x_wconf 88' lang='lat' dir='ltr'><strong>tenere,</strong></span> <span class='ocrx_word' id='word_1_334' title='bbox 1899 2852 1949 2891; x_wconf 85' lang='lat' dir='ltr'><strong>ut</strong></span> <span class='ocrx_word' id='word_1_335' title='bbox 1990 2848 2220 2891; x_wconf 88' lang='lat' dir='ltr'><strong>contraria</strong></span> <span class='ocrx_word' id='word_1_336' title='bbox 2254 2847 2444 2890; x_wconf 86' lang='lat' dir='ltr'><strong>consilia</strong></span> 
     </span>
     <span class='ocr_line' id='line_1_32' title="bbox 250 2931 2442 2993; baseline -0.003 -15"><span class='ocrx_word' id='word_1_337' title='bbox 250 2950 313 2982; x_wconf 79' lang='lat' dir='ltr'><strong>ne</strong></span> <span class='ocrx_word' id='word_1_338' title='bbox 346 2935 473 2992; x_wconf 75' lang='lat' dir='ltr'><strong>sequi</strong></span> <span class='ocrx_word' id='word_1_339' title='bbox 512 2933 695 2993; x_wconf 86' lang='lat' dir='ltr'><strong>quidem</strong></span> <span class='ocrx_word' id='word_1_340' title='bbox 723 2946 863 2991; x_wconf 85' lang='lat' dir='ltr'><strong>posse</strong></span> <span class='ocrx_word' id='word_1_341' title='bbox 891 2934 1145 2978; x_wconf 79' lang='lat' dir='ltr'><strong>videantur.</strong></span> <span class='ocrx_word' id='word_1_342' title='bbox 1207 2932 1369 2981; x_wconf 69' lang='lat' dir='ltr'><strong>Quare</strong></span> <span class='ocrx_word' id='word_1_343' title='bbox 1406 2937 1454 2975; x_wconf 87' lang='lat' dir='ltr'><strong>ut</strong></span> <span class='ocrx_word' id='word_1_344' title='bbox 1479 2936 1634 2975; x_wconf 83' lang='lat' dir='ltr'><strong>orator</strong></span> <span class='ocrx_word' id='word_1_345' title='bbox 1663 2946 1796 2976; x_wconf 87' lang='lat' dir='ltr'><strong>suum</strong></span> <span class='ocrx_word' id='word_1_346' title='bbox 1831 2946 1938 2976; x_wconf 85' lang='lat' dir='ltr'><strong>sese</strong></span> <span class='ocrx_word' id='word_1_347' title='bbox 1962 2931 2235 2975; x_wconf 82' lang='lat' dir='ltr'><strong>effecturum</strong></span> <span class='ocrx_word' id='word_1_348' title='bbox 2254 2942 2442 2986; x_wconf 80' lang='lat' dir='ltr'><strong>sperare</strong></span> 
     </span>
    </p>
   </div>
   <div class='ocr_carea' id='block_1_4' title="bbox 2457 899 2713 3419">
    <p class='ocr_par' dir='ltr' id='par_1_4' title="bbox 2457 899 2713 3419">
     <span class='ocr_line' id='line_1_33' title="bbox 2457 899 2713 3419; baseline 0 0"><span class='ocrx_word' id='word_1_349' title='bbox 2457 899 2713 3419; x_wconf 95' lang='lat' dir='ltr'><strong> </strong></span> 
     </span>
    </p>
   </div>
  </div>
 </body>
</html>
