2713 3419
1204 196 1255 205 ·-
1315 177 1480 219 13—

234 320 450 363 incensus
484 321 649 373 esset,
685 317 807 380 *huic
850 315 925 359 uni
966 316 1118 358 studio
1169 330 1221 358 se
1260 315 1398 359 dedit.
1466 315 1653 365 Quanta
1687 317 1730 359 id
1770 315 1933 360 fecerit
1963 318 2196 377 diligentia
2226 323 2276 365 et
2304 332 2429 375 cura,

233 420 369 448 nemo
396 408 470 447 est
495 435 507 458 ,
552 403 628 460 qui
662 402 855 445 nesciat.
920 401 1017 444 Vim
1050 406 1203 445 autem
1236 400 1417 444 dicendi
1449 406 1693 444 assecutus
1726 406 1799 444 est
1827 402 2048 459 singulari
2071 403 2429 447 suohonestatis

232 502 415 542 amore,
448 485 620 530 eximio
653 484 833 528 virtutis
865 488 912 527 et
943 484 1150 528 veritatis
1181 484 1348 528 studio.
1412 482 1607 540 Ingenio
1632 481 1767 526 facile
1798 488 1988 541 superat
2042 499 2204 528 omnes
2234 486 2426 543 eiusque

233 585 321 629 ope
354 574 401 614 et
431 584 528 614 rem
560 567 964 627 implicatissimam
998 567 1190 611 materia
1219 566 1455 624 sapienter
1492 565 1718 623 disposita
1760 571 1807 610 et
1850 568 2134 626 argumentis
2170 572 2426 625 opportune

234 658 280 696 et
312 654 526 697 sollerter
554 651 740 695 insertis
773 654 822 692 et
850 651 990 694 nexis
1022 651 1312 707 perspicuam
1365 654 1412 691 et
1455 650 1730 706 pellucidam
1763 651 1933 706 reddit,
1962 650 2231 694 dubitationi
2261 652 2426 708 cuique

233 735 353 780 forte
388 735 613 780 oborienti
644 732 808 777 callide
844 732 1041 777 occurrit
1070 736 1118 776 et
1148 731 1429 787 antevertit,
1459 734 1678 776 tenebras
1710 732 1924 777 diffundit
1954 738 2002 777 et
2031 733 2090 777 ad
2118 737 2292 777 certum
2322 747 2426 790 pro·

233 819 520 877 positumque
554 818 691 861 finem
722 816 958 860 contendit
989 816 1322 860 sententiarum
1355 819 1403 858 et
1433 815 1679 859 verborum
1713 817 1961 860 velocitate
1993 831 2150 861 secum
2178 816 2425 873 abripiens.

233 902 360 953 auid
389 902 537 945 dicam
574 900 632 943 de
664 898 843 956 magica
875 898 1058 956 linquae
1089 899 1159 951 vi,
1210 912 1299 955 qua
1350 899 1561 956 superior
1589 900 1785 955 incedit,
1838 900 2162 957 magniloquus
2193 912 2342 956 aeque
2374 911 2426 939 ac

235 985 451 1043 simplex,
493 983 608 1028 uber
638 994 725 1025 nec
756 994 871 1025 vero
901 981 1068 1026 nimius
1086 1015 1099 1037 ,
1150 981 1443 1040 peregrinum
1472 995 1648 1026 sonans
1678 987 1726 1026 et
1755 985 1910 1025 tamen
1939 981 2165 1026 familiare
2185 1014 2198 1037 ,
2231 980 2428 1025 festivus

234 1068 333 1111 sine
366 1066 472 1111 fuco
492 1098 505 1121 ,
539 1077 736 1109 severus
768 1064 940 1121 pariter
971 1077 1025 1108 ac
1059 1064 1285 1109 iucundus
1305 1098 1318 1122 ,
1368 1079 1558 1123 pressus
1589 1078 1739 1123 aeque
1781 1078 1836 1108 ae
1867 1063 2127 1122 profluens,
2173 1063 2321 1109 dulcis
2350 1078 2428 1108 ae-

233 1164 321 1208 que
358 1163 411 1193 ac
443 1148 699 1192 vehemens
733 1150 781 1190 ct
810 1161 947 1206 quum
986 1148 1139 1191 omnia
1171 1161 1234 1191 ex
1266 1148 1424 1192 intimo
1455 1148 1608 1192 animo
1639 1152 1924 1203 emanarent,
1956 1146 2191 1192 auditores
2222 1161 2319 1212 non,
2347 1161 2428 1205 po-

232 1235 317 1278 tuit
338 1232 573 1290 fieri,quin
593 1232 882 1289 percelleret.
915 1232 968 1275 ln
981 1232 1266 1276 orationibus
1301 1233 1399 1276 suis
1426 1233 1697 1289 plerumque
1729 1232 1805 1276 ubi
1829 1246 1907 1275 res
1934 1232 2117 1291 patitur,
2140 1229 2429 1275 summissius

235 1331 263 1360 a
295 1317 466 1374 primo,
498 1315 666 1358 deinde
690 1315 899 1372 pressius
928 1316 973 1358 in
1004 1316 1287 1374 argumentis
1320 1315 1534 1373 loquitur,
1566 1320 1613 1358 et
1648 1329 1750 1358 cum
1782 1316 2001 1359 ardentes
2033 1316 2160 1359 videt
2177 1315 2427 1368 auditores,

234 1402 279 1444 in
313 1399 502 1457 reliquis
533 1399 717 1442 exultat
747 1398 983 1441 audacius.
1046 1399 1184 1455 „Pari
1238 1397 1375 1441 modo
1414 1399 1586 1441 multae
1625 1404 1733 1442 sunt
1763 1400 1864 1442 eius
1896 1404 2022 1443 totae
2055 1400 2288 1443 orationes
2319 1400 2425 1442 sub-

235 1486 342 1528 tiles
373 1490 422 1528 ut
448 1487 608 1526 contra
639 1481 885 1536 Leptinem
908 1514 921 1533 ,
970 1483 1141 1525 multae
1192 1487 1317 1524 totae
1348 1496 1519 1539 graves
1562 1487 1611 1525 ut
1641 1484 1867 1539 quaedam
1899 1484 2182 1540 Philippicae
2202 1514 2216 1536 ‚
2255 1483 2427 1525 multae

238 1569 396 1612 variae
430 1569 664 1610 utcontra
696 1563 983 1606 Aeschinem
1015 1564 1163 1607 falsae
1196 1565 1459 1621 legationis,
1490 1570 1539 1608 ut
1568 1571 1726 1608 contra
1760 1566 1958 1609 eundem
1991 1580 2073 1622 pro
2104 1578 2246 1608 causa
2276 1565 2424 1607 Ctesi-

235 1649 465 1709 phontis-‘⁶
522 1648 585 1692 Et
618 1660 678 1689 nc
705 1644 814 1702 quid
847 1645 889 1689 ei
927 1645 1079 1702 desit,
1122 1646 1251 1690 vocis
1281 1651 1588 1705 gestuumque
1620 1662 1704 1704 pro
1735 1662 1887 1692 rerum
1922 1648 2148 1692 varietate
2179 1653 2286 1704 apta
2319 1662 2425 1690 con-

235 1732 447 1778 formatio
478 1729 707 1784 laudatur,
738 1728 858 1772 sicut
887 1729 987 1786 ipse
1014 1722 1231 1777 ὖποκρίσει
1270 1729 1442 1788 primas
1475 1731 1520 1774 in
1552 1730 1816 1790 eloquentia
1848 1730 2104 1776 deferebat.
2166 1729 2424 1776 Aeschines

237 1818 347 1875 (389
378 1839 438 1848 —
469 1818 560 1859 ³14
592 1826 636 1856 a·
669 1812 796 1862 Chr.)
829 1813 1011 1870 quidem
1045 1813 1368 1858 Demosthene
1400 1815 1618 1858 meditata
1649 1815 1983 1873 compositione
2008 1849 2020 1871 ,
2066 1816 2231 1860 dextra
2271 1827 2423 1857 rerum

238 1899 510 1943 tractatione
542 1901 591 1940 et
622 1896 935 1953 explicatione
968 1897 1160 1940 inferior
1189 1902 1236 1940 et
1269 1898 1526 1941 honestatis
1558 1898 1709 1942 studio
1741 1899 1880 1955 longe
1915 1899 2064 1942 minor
2092 1903 2193 1953 est,
2226 1896 2311 1941 scd
2356 1896 2423 1938 in-

239 1982 362 2040 genii
393 1980 653 2033 affluentia,
682 1979 798 2021 mira
830 1980 1052 2023 orationis
1083 1980 1304 2022 facilitate
1335 1986 1383 2024 et
1412 1982 1643 2034 sollertia,
1690 1987 1825 2039 atque
1859 1982 2005 2039 gratia
2037 1982 2095 2024 ad
2134 1996 2185 2024 se
2216 1980 2423 2036 rapiente

238 2064 452 2120 excellit3
493 2066 687 2106 naturae
722 2062 898 2106 viribus
933 2063 1048 2107 satis
1076 2064 1324 2106 instructus
1357 2065 1551 2119 tempori
1592 2065 1796 2116 inservit,
1830 2070 1877 2106 et
1909 2063 2330 2121 praestantissimus
2353 2066 2426 2104 est

240 2147 459 2192 facultate
491 2160 555 2192 ex
596 2151 805 2203 tempore
838 2145 1034 2202 dicendi,
1065 2146 1195 2190 cuius
1226 2146 1293 2190 rei
1327 2146 1526 2191 Athenis
1558 2148 1784 2205 expulsus
1817 2148 1970 2193 ludum
2005 2148 2050 2191 in
2079 2147 2225 2191 insula
2257 2144 2422 2190 Rhodo

240 2229 458 2286 instituit,
507 2228 585 2273 ubi
618 2230 777 2272 auctor
811 2227 897 2272 fuit
936 2228 1229 2287 eloquentiae
1259 2243 1344 2287 per
1374 2230 1579 2275 seculum
1614 2231 1831 2290 singulari
1862 2245 1970 2275 cura
2002 2231 2163 2275 cultae.
2224 2227 2422 2286 Hyperi-

248 2315 331 2357 des
358 2313 469 2371 (ob.
494 2316 569 2356 98.
598 2315 642 2355 4.
676 2312 752 2354 vel
785 2315 859 2355 99.
897 2317 917 2355 1
952 2338 1011 2347 —
1040 2316 1129 2356 322
1157 2326 1199 2355 a.
1232 2313 1362 2370 Chr.)
1393 2313 1561 2356 nullius
1594 2314 1796 2370 magistri
1828 2315 1985 2357 verbis
2016 2314 2222 2357 addictus
2251 2313 2297 2355 in
2328 2306 2422 2354 elo-

250 2396 435 2455 quentia
465 2394 646 2438 medius
694 2392 781 2437 fuit
821 2394 941 2439 inter
972 2395 1149 2453 Lysiae
1195 2397 1472 2440 suavitatem
1512 2401 1560 2438 et
1604 2398 1695 2439 vim
1732 2397 2094 2456 Demosthenis3
2140 2410 2292 2441 sermo
2323 2395 2421 2437 eins

242 2493 385 2538 purus
415 2482 464 2522 et
494 2477 693 2531 Atticus,
723 2490 817 2520 non
848 2482 1003 2521 tamen
1038 2479 1276 2523 abhorruit
1305 2493 1334 2522 a
1367 2480 1545 2537 vulgari
1565 2480 1741 2523 dicendi
1765 2481 1975 2537 fornmla,
2039 2483 2184 2525 Multo
2215 2478 2420 2522 acumine

243 2567 458 2608 versatus
489 2566 564 2606 est
615 2562 663 2605 in
692 2561 932 2604 tractanda
961 2563 1155 2606 materia
1193 2567 1240 2606 et
1269 2577 1298 2605 a
1327 2564 1574 2619 praecipua
1607 2565 1755 2608 iudicii
1788 2568 2060 2622 quaestione
2092 2577 2311 2621 nusquam
2345 2564 2422 2605 de-

244 2644 406 2701 flexit,
434 2643 580 2688 multa
609 2641 853 2700 prudentia
885 2643 1094 2702 locuples
1126 2657 1180 2688 ae
1212 2659 1383 2690 venere
1413 2645 1616 2691 refertus
1636 2681 1647 2702 ,
1688 2653 1734 2691 et
1774 2648 1971 2705 simplex
2012 2654 2060 2693 et
2088 2653 2239 2693 tamen
2270 2646 2424 2705 gravis

244 2727 344 2772 fuit.
407 2725 588 2772 Subtile
621 2729 670 2771 et
700 2729 1005 2785 temperatum
1034 2728 1081 2772 in
1105 2727 1445 2774 narrationibus
1477 2728 1657 2775 dicendi
1683 2746 1832 2789 genus
1852 2733 2102 2776 imitatione
2118 2732 2299 2789 dignum
2318 2743 2424 2771 cen-

246 2814 352 2855 sent
379 2810 541 2855 harum
575 2822 727 2853 rerum
757 2810 934 2856 iudices
984 2824 1072 2856 nec
1103 2810 1253 2856 minus
1284 2812 1510 2858 rationem
1545 2818 1594 2859 et
1623 2819 1893 2873 argumenta
1954 2816 2117 2874 quibus
2177 2815 2233 2858 ad
2293 2826 2426 2857 caus-

243 2906 347 2939 sam
374 2892 585 2937 accessit.
649 2892 915 2939 Dinarchus
937 2893 1049 2952 (361
1081 2920 1141 2929 --
1170 2895 1292 2940 292?
1321 2908 1363 2940 a.
1398 2895 1527 2954 Chr.)
1575 2897 1839 2942 Corinthius
1868 2899 2066 2961 imitatur
2104 2899 2240 2945 modo
2271 2902 2429 2948 tenue,

1925 2986 2021 3038 t4)
