2713 3419
1205 214 1477 254 -12-

232 352 458 394 rationem
494 351 647 392 habet.
711 350 980 393 Uberrimus
1013 351 1096 394 t'uit
1129 357 1288 395 auctor
1320 358 1367 394 ct
1399 351 1654 394 orationum
1688 350 1731 393 in
1766 351 1919 393 causis
1951 350 2239 407 t’orensibuS‚
2271 353 2317 396 in
2349 365 2425 397 cu-

239 438 305 479 ria
351 441 399 477 ct
446 435 744 477 concionibus
785 436 1065 491 habitarum,
1114 442 1161 479 et
1196 436 1503 492 panegyricas
1526 466 1539 489 ‚
1570 435 1817 477 amatorias
1837 466 1850 488 a
1883 427 2123 489 ‘epistolia
2154 437 2424 492 composuit.

233 516 450 560 Isocratis
499 519 609 570 (436
641 542 697 549 —
730 520 821 560 338
861 532 903 560 a.
935 519 1065 575 Chr.)
1120 518 1266 561 oratio
1317 517 1459 560 nitida
1490 517 1675 574 quidem
1717 523 1765 560 et
1796 522 1943 561 comta
1963 548 1977 571 ‚
2030 521 2160 560 casta
2191 522 2347 562 tamen
2378 522 2427 561 et

230 600 442 644 modesta
471 600 777 645 conventibus
809 601 974 659 magis,
1005 615 1139 659 quam
1164 600 1266 644 foro
1299 600 1653 643 accommodata·
1672 605 1756 644 est.
1823 599 2023 644 Mediam
2054 599 2175 643 inter
2197 601 2426 656 poeticam

231 683 475 725 dictionem
525 683 786 740 nudamque
839 685 1174 741 simplicitatem
1215 684 1338 726 viam
1379 684 1622 742 ingressus
1661 697 1815 727 rerum
1866 683 2141 740 gravitatem
2173 684 2422 726 verborum

231 779 331 808 cum
362 764 547 809 delectu
574 770 621 809 et
650 767 933 811 ornamentis
964 766 1219 810 coniunxit.
1283 765 1463 811 Primus
1493 767 1687 811 instituit
1717 767 1909 810 dilatare
1942 765 2097 808 verbis
2131 769 2180 808 et
2207 766 2425 809 molliori-

232 848 319 891 bus
351 850 552 892 numeris
580 850 776 905 explere
807 849 1079 893 sententias.
1142 850 1259 892 Cum
1289 850 1412 892 enim
1438 863 1549 893 suas
1578 850 1638 892 ad
1665 850 1709 893 id
1740 854 1915 893 tantum
1947 849 2257 905 composuerit
2286 850 2425 892 orati-

235 946 352 975 ones
383 937 430 974 ut
460 932 751 989 legerentur,
800 946 1049 975 numerose
1082 935 1131 975 et
1156 936 1263 987 apte
1295 931 1537 974 cadentem
1569 932 1816 975 verborum
1846 931 2310 988 comprehensionem
2342 945 2422 988 ap-

235 1014 363 1070 petiit
391 1018 442 1057 ut
472 1014 663 1058 suavius
695 1013 755 1057 ad
784 1027 925 1058 aures
956 1013 1222 1071 perveniret
1258 1012 1418 1056 oratio.
1497 1012 1594 1057 Res
1625 1013 1671 1057 in
1701 1028 1944 1058 commune
1977 1014 2247 1059 utilissimas
2278 1013 2423 1071 elegit

236 1102 283 1139 ct
306 1097 580 1141 rhetoricam
611 1096 722 1141 fecit
754 1110 963 1155 organon
994 1096 1052 1140 de
1079 1095 1218 1139 rebus
1246 1099 1293 1138 et
1322 1095 1515 1152 publicis
1548 1100 1596 1139 et
1625 1096 1817 1154 privatis
1849 1101 1975 1141 recte
2000 1101 2048 1141 et
2071 1097 2192 1141 bene
2224 1096 2427 1155 cogitata

237 1180 464 1223 suavitate
495 1179 720 1223 orationis
750 1179 797 1223 in
827 1177 1078 1237 legentium
1111 1178 1291 1223 animos
1320 1178 1586 1237 spargendi.
1646 1179 1786 1232 Quod
1820 1179 1954 1224 Plato
1985 1178 2032 1224 in
2065 1194 2125 1224 eo
2140 1178 2425 1238 philosophi-

236 1277 308 1306 am
339 1264 496 1306 inesse
529 1268 779 1321 auguratus
798 1267 885 1319 est,
918 1277 977 1307 eo
1007 1263 1305 1307 referendum
1337 1277 1446 1307 esse
1477 1262 1673 1319 videtur‚
1704 1264 1826 1322 quod
1858 1264 2093 1308 Isocrates
2122 1278 2221 1307 rem
2245 1263 2304 1308 de
2335 1275 2428 1321 qua

237 1347 440 1390 dicturus
469 1351 572 1402 est,
612 1346 854 1404 perspicue
883 1347 1114 1404 proponit,
1145 1351 1193 1390 et
1222 1346 1553 1390 sententiarum
1584 1347 1747 1391 ordine
1778 1350 1827 1390 et
1866 1347 2065 1405 partium
2107 1346 2426 1391 distributione

237 1430 407 1487 optime
439 1430 594 1486 utitur,
626 1442 715 1488 qua
743 1430 789 1473 in
820 1443 870 1472 re
903 1430 1042 1488 longe
1061 1429 1208 1487 Lysia
1239 1429 1450 1486 superior
1479 1434 1566 1473 est.
1627 1430 1842 1488 Inprimis
1871 1434 2027 1474 autem
2056 1430 2251 1488 perfecti
2282 1429 2426 1489 magi·

238 1515 317 1556 stri
346 1514 530 1556 laudem
559 1514 844 1569 comparavit
876 1518 924 1555 et
955 1513 1193 1556 nobilitate
1225 1518 1273 1556 et
1302 1514 1435 1570 copia
1464 1513 1789 1570 discipulorum
1821 1513 1988 1557 floruit.
2050 1515 2216 1556 Isaeus
2248 1514 2428 1570 (420—

236 1600 324 1640 348
353 1610 393 1639 a.
430 1596 562 1645 Chr.)
595 1597 751 1639 multis
781 1597 923 1639 rebus
955 1596 1117 1639 similis
1151 1600 1225 1639 est
1251 1597 1540 1652 praeceptori
1589 1611 1674 1639 suo
1705 1597 1904 1653 Lysiae,
1948 1609 2099 1653 aeque
2144 1595 2267 1638 enim
2311 1583 2427 1651 puro

238 1693 453 1723 sermone
487 1683 534 1722 et
565 1678 811 1735 perspicua
841 1692 1098 1736 pressaque
1131 1678 1340 1722 oratione
1388 1678 1551 1734 utitur,
1585 1678 1670 1723 sed
1705 1679 1807 1722 loco
1838 1678 2153 1736 negligentiae
2185 1678 2316 1735 quasi
2345 1691 2427 1721 na-

241 1762 392 1818 tivae,
440 1766 487 1805 et
517 1760 823 1820 simplicitatis
856 1765 904 1805 et
935 1775 1184 1818 venerum,
1216 1760 1381 1819 quibus
1411 1759 1584 1818 Lysias
1615 1761 1802 1819 eminet,
1833 1765 2037 1807 sectatur
2063 1764 2226 1817 artem,
2257 1760 2428 1818 limam,

238 1846 511 1890 adscititiam
551 1849 843 1889 venustatem
864 1877 878 1901 ‚
928 1859 1079 1904 neque
1120 1845 1166 1889 id
1200 1845 1335 1888 obest
1365 1844 1580 1903 gravitati
1611 1845 1713 1890 eius
1744 1849 1792 1890 et
1822 1844 2079 1890 efficaciae.
2142 1845 2198 1889 In
2228 1848 2427 1889 tractan-

236 1929 294 1971 da
325 1929 518 1972 materia
565 1928 812 1972 artificiose
854 1928 1055 1986 disponit
1103 1932 1152 1972 et
1190 1926 1356 1971 callide
1395 1927 1537 1971 nectit
1576 1933 1849 1987 argumenta
1888 1932 1937 1972 et
1968 1928 2017 1972 in
2050 1927 2247 1987 singulis
2277 1939 2430 1986 aequa

234 2012 451 2055 luminum
488 2016 537 2054 et
566 2012 826 2055 umbrarum
854 2012 970 2054 ratio
1001 2015 1207 2067 apparet.
1270 2012 1513 2055 Politicum
1545 2011 1726 2055 dicendi
1755 2026 1906 2070 genus
1926 2011 2098 2055 arctius
2114 2011 2427 2068 circumscrip-

236 2096 319 2150 sit,
348 2109 376 2138 a
411 2095 733 2139 Demosthene
763 2095 865 2138 eius
898 2094 1121 2151 discipulo
1153 2099 1531 2138 consummatum.
1594 2094 1841 2152 Lycurgus
1870 2094 1967 2151 (01.
1986 2098 2048 2139 94
2067 2094 2428 2146 —323a.(3hr.)

238 2182 284 2223 et
314 2178 576 2237 integritate
612 2192 789 2223 morum
840 2181 888 2222 et
925 2178 1155 2223 redituum
1202 2178 1488 2235 publicorum
1536 2177 1790 2235 prudenter
1819 2177 2286 2223 administrandorum
2318 2191 2430 2223 cura

239 2261 680 2320 praestantissimus,
710 2260 810 2305 veri
843 2260 1119 2320 honestique
1149 2260 1386 2306 studiosus
1418 2265 1556 2318 atque
1588 2260 1813 2305 libertatis
1845 2273 2032 2318 amans,
2081 2265 2242 2306 contra
2271 2260 2428 2306 Mace-

238 2345 386 2388 dones
413 2345 635 2400 sentiens,
668 2345 729 2388 ob
747 2344 926 2387 dicendi
959 2344 1223 2388 facultatem
1256 2343 1462 2399 inprimis
1489 2342 1748 2386 laudandus
1779 2347 1867 2398 est,
1900 2344 2020 2401 quod
2044 2344 2305 2390 honestatis
2335 2348 2431 2389 stu-

237 2428 362 2473 dium
393 2429 730 2487 incorruptique
762 2441 918 2471 mores
949 2427 1052 2470 eius
1087 2426 1470 2482 exspendescunt
1498 2439 1562 2469 ex
1594 2425 1744 2470 nitore
1779 2426 2000 2471 orationis
2018 2459 2031 2484 ,
2102 2440 2221 2486 quae
2252 2431 2433 2472 remota

237 2526 266 2554 a
299 2512 610 2569 sophistarum
642 2510 868 2566 artificiis,
908 2510 955 2553 in
985 2509 1264 2553 necessariis
1294 2513 1471 2552 tantum
1503 2513 1753 2568 occupatur
1784 2514 1832 2553 et
1862 2509 2018 2554 effluit
2047 2524 2116 2554 ex·
2145 2511 2298 2555 animo
2328 2510 2431 2554 inti-

237 2611 313 2638 ma
342 2597 519 2652 patriae
552 2596 741 2637 caritate
774 2596 962 2649 imbuto,
993 2599 1131 2650 atque
1167 2593 1459 2635 vehementia
1487 2597 1535 2636 et
1564 2594 1793 2649 gravitate
1831 2594 2040 2651 insurgit.
2101 2594 2258 2637 Minus
2274 2597 2431 2637 tamen

238 2678 414 2723 urbana
445 2685 491 2723 et
519 2678 690 2722 festiva
722 2682 795 2721 est
814 2676 915 2720 eius
947 2676 1111 2731 oratio,
1142 2675 1227 2719 sed
1260 2679 1448 2720 austera
1476 2680 1524 2719 et
1553 2679 1743 2732 propter
1771 2675 2103 2735 degressiones
2131 2675 2245 2720 ordo
2276 2691 2431 2721 rerum

243 2774 384 2819 saepe
417 2762 712 2818 interruptus.
777 2759 1127 2804 Demosthenes
1169 2761 1278 2816 (385
1313 2783 1370 2792 —
1402 2761 1492 2803 322
1545 2772 1587 2803 a.
1622 2759 1755 2817 chr.)
1805 2759 2010 2804 maxime
2056 2759 2177 2803 inter
2218 2760 2432 2816 antiquos

244 2844 535 2903 eloquentiae
567 2844 703 2889 laude
744 2843 1068 2888 celebrabatur
1113 2845 1161 2886 et
1191 2842 1361 2900 primas
1389 2841 1433 2886 ei
1462 2842 1511 2886 in
1542 2841 1738 2887 dicendo
1771 2857 1864 2888 uno
1894 2856 2127 2888 consensu
2158 2834 2322 2886 omnes
2352 2841 2432 2887 de-

243 2926 465 2972 ferebant.
527 2927 699 2972 Audito
729 2927 997 2972 Callistrato
1031 2938 1178 2984 paene
1211 2939 1350 2984 puer,
1396 2939 1534 2985 quum
1580 2925 1810 2971 oratoriae
1852 2925 2084 2972 facultatis
2130 2922 2435 2969 admiratione
