2713 3419
414 434 465 483 28)
519 428 675 471 Prodici
700 422 880 466 narratio
908 423 955 464 de
983 423 1101 465 Herc.
1131 424 1238 464 Xen.
1267 424 1384 463 Mem.
1411 423 1467 463 11.
1498 423 1535 462 l.
1562 422 1614 462 21
1644 426 1669 451 -‘
1694 422 1761 465 54.
1824 422 1883 461 Be
1909 421 2062 472 Hippia
2090 422 2136 461 cs.
2164 423 2264 465 Plat.
2293 426 2415 478 Hipp.
2452 429 2543 474 mai,

534 501 721 553 inprimis
748 512 789 549 p.
820 497 916 537 175.
2604 494 2607 497 ¹

417 578 469 628 2⁹)
523 577 607 615 Cic.
642 579 743 613 orat.
774 584 809 610 c.
839 571 894 611 23
923 593 946 600 -
968 570 1039 610 29.
1067 570 1231 619 Dionys.
1261 568 1468 608 Halicarn.
1497 568 1594 620 περὶ
1619 569 1698 608 τοῦ
1726 566 2036 620 Δν,·μοσθὲιόι·ς
2065 565 2311 620 δεινότητος
2337 574 2399 613 ed.
2435 577 2543 627 Syll),

539 663 580 698 p.
612 648 704 686 185.

423 723 470 773 ⁵0)
525 722 676 760 Primae
708 716 926 757 rhetoricae
959 714 1210 754 definitiones
1238 715 1318 753 sere
1347 726 1478 752 omnes
1507 715 1547 753 in
1574 727 1619 753 eo
1646 716 1907 759 consentiunt,
1933 714 2084 751 dicendi
2121 720 2241 751 artem
2268 715 2319 754 w*
2345 715 2466 765 εἷκός,
2496 721 2545 761 τό

539 788 733 834 πιθανόν
758 790 879 840 sequi,
909 795 945 827 et
973 800 1052 826 rem
1081 800 1194 837 quam
1222 794 1360 826 tractet
1387 788 1545 824 reddere
1570 789 1830 837 probabilem.
1885 788 1993 825 Unde
2034 788 2109 824 iam
2138 799 2160 824 a
2188 786 2331 843 Corace
2361 791 2545 832 definitur

545 864 729 909 πειθοῦς
758 859 1041 912 διὶμιονργός,
1071 867 1107 898 et
1135 873 1227 898 sane
1257 861 1382 897 dicere
1409 860 1456 896 ad
1486 861 1792 907 persuadendum
1827 868 1913 908 apte
1940 861 1976 897 si
2003 859 2198 898 definieris
2224 859 2377 901 dicendi
2406 873 2542 912 artem,

544 951 566 974 a
595 951 685 974 vero
723 948 798 972 nou
829 934 1092 976 aberraveris,
1122 932 1236 969 modo
1263 944 1309 969 ne
1337 933 1500 979 speciem
1531 938 1678 970 tantum
1708 933 1867 970 secteris
1895 931 1960 969 sed
1989 944 2069 970 enm
2094 932 2391 982 probabilitatis
2419 938 2543 979 disci-

544 1012 690 1059 plinam
717 1013 864 1049 teneas,
900 1017 974 1054 qua
1001 1007 1087 1043 sola
1114 1004 1304 1042 factumne
1331 1003 1385 1041 sit
1413 1003 1562 1052 aliquid
1591 1003 1811 1043 futurumve
1838 1015 1966 1048 necne,
1996 1004 2175 1053 indagari
2203 1007 2344 1053 possit.
2397 1009 2544 1059 Sophi-
2600 1030 2606 1035 ·
2672 1023 2680 1026 “

538 1089 620 1120 stae
649 1080 818 1130 quidem,
850 1078 914 1127 qui
946 1078 1024 1114 vim
1055 1076 1208 1114 dicendi
1236 1088 1318 1114 eam
1345 1087 1429 1113 esse
1456 1077 1686 1133 voluerunt,
1733 1087 1826 1125 quae
1854 1077 2044 1124 quomodo
2068 1088 2182 1114 causa
2208 1077 2374 1118 inferior
2400 1083 2545 1122 verbo-

546 1164 629 1191 rum
660 1150 857 1191 industria
885 1149 1070 1199 superior
1097 1147 1215 1194 fieret,
1249 1149 1490 1192 ostenderet,
1532 1149 1635 1186 Geli.
1664 1150 1715 1186 N.
1743 1149 1792 1186 A.
1823 1150 1874 1186 V.
1902 1149 1943 1186 3.
1973 1150 2011 1188 7.
2058 1150 2175 1197 Diog.
2205 1150 2335 1191 Laert.
2363 1151 2443 1192 lx.
2472 1157 2542 1203 52,

543 1226 661 1263 malis
692 1223 775 1262 suis
801 1222 958 1261 artibus
987 1223 1123 1260 omnia
1161 1222 1201 1259 in
1243 1223 1407 1272 speeiem
1452 1228 1489 1260 et
1526 1222 1735 1260 vanitatem
1771 1227 2061 1261 converterunt.
2113 1222 2200 1261 Non
2228 1229 2354 1265 tamen
2375 1229 2541 1269 omnino

545 1296 755 1347 spernendi
782 1274 891 1352 sugit,
923 1306 1008 1334 cum
1035 1294 1187 1343 quoties
1220 1295 1377 1340 vellent,
1408 1306 1486 1332 rem
1514 1301 1616 1331 caste
1645 1306 1791 1343 quoque
1821 1301 1857 1332 et
1880 1295 2001 1342 probe
2027 1302 2187 1344 possent
2210 1303 2391 1340 tractare.
2426 1302 2544 1341 Nun-

548 1383 660 1420 quam
690 1346 819 1418 igit'm·¹
841 1367 957 1417 laude
990 1367 1290 1405 defraudabitur
1315 1368 1493 1405 narratio
1538 1368 1609 1405 illa
1636 1367 1793 1404 Prodici
1821 1380 1844 1404 a
1871 1367 2134 1416 Xenophonte
2160 1375 2316 1410 servata
2342 1373 2459 1414 Mem.
2487 1375 2540 1416 Π.

551 1444 589 1480 l.
616 1442 668 1480 21
697 1463 720 1470 -
748 1441 816 1479 34.
846 1440 1053 1489 sophistae
1079 1440 1195 1486 enim,
1224 1452 1338 1489 quum
1374 1440 1413 1478 in
1444 1439 1638 1485 orationis
1665 1445 1796 1488 partes
1822 1440 2076 1488 inquirerent,
2110 1442 2314 1482 verborum
2341 1445 2545 1495 significa-

549 1516 676 1552 tiones
704 1519 814 1552 acute
842 1512 1119 1569 discernerent,
1148 1512 1382 1551 accuratiori
1411 1511 1607 1551 sermonis
1640 1511 1923 1560 intelligentiae
1946 1513 2214 1559 consulerent,
2244 1516 2365 1564 primi
2391 1519 2545 1559 suerum

551 1584 823 1633 grammaticae
850 1590 888 1623 et
913 1584 1172 1635 etymologiae
1199 1589 1390 1623 auctores.
1444 1584 1646 1622 Praeterea
1672 1588 1708 1620 et
1733 1589 1936 1632 perpetuae
1964 1585 2161 1620 orationis
2203 1593 2325 1624 artem
2351 1596 2389 1626 et
2414 1594 2543 1629 eollo-

551 1658 691 1708 quendi
723 1657 912 1695 rationem
942 1658 1198 1705 invenerunt,
1239 1658 1339 1695 Plat.
1377 1657 1534 1705 Protag.
1572 1670 1612 1706 p.
1650 1656 1742 1696 384.
1797 1656 1920 1704 Gorg.
1958 1669 1998 1706 p.
2025 1656 2067 1695 4.
2121 1657 2329 1698 Aristotel.
2356 1661 2403 1700 de
2427 1666 2542 1714 soph.

551 1733 694 1768 elench.
723 1731 793 1768 33.
846 1731 946 1766 Tota
974 1743 1066 1767 vero
1093 1737 1203 1767 vetus
1229 1731 1276 1768 ad
1304 1731 1564 1779 eloquentiam
1594 1729 1795 1767 institutio
1823 1729 1879 1766 ita
1909 1735 2134 1778 comparata
2165 1729 2243 1769 fuit
2268 1745 2291 1770 a
2320 1734 2543 1776 rhetoribus

552 1805 650 1851 ipsis
680 1808 720 1840 ut
747 1803 937 1852 exemplis
967 1803 1091 1851 magis
1120 1816 1230 1853 quam
1258 1803 1474 1853 praeceptis
1498 1808 1619 1841 artem
1647 1801 1840 1840 docerent.
1895 1799 2004 1841 Unde
2029 1800 2356 1854 Thrasymachum
2387 1803 2533 1856 ἐλέους

552 1875 773 1923 scripsisse,
803 1875 1082 1923 Antiphontem
1108 1874 1313 1924 προοίμια
1339 1874 1578 1925 etCephalus
1606 1870 1831 1924 ἐπιλόγους
1855 1874 2053 1913 novimus.
2108 1876 2246 1922 Qualis
2273 1885 2399 1918 autem
2424 1881 2544 1921 suerit

551 1948 678 1984 omnis
708 1948 977 1986 institutionis
1006 1948 1109 1985 ratio
1137 1960 1181 1985 ex
1215 1948 1469 1986 Anaximenis
1495 1948 1540 1986 de
1569 1946 1762 1986 rhetorica
1789 1946 1926 1984 libello
1953 1947 2098 1996 optime
2124 1949 2308 1998 colligas.

433 2022 478 2069 ³¹)
535 2020 587 2058 De
608 2019 659 2057 iis
688 2031 782 2068 quae
809 2018 854 2057 de
878 2019 1107 2076 oratoribus
1133 2018 1432 2068 disputavimus,
1457 2020 1683 2058 consulendi
1711 2025 1801 2056 sunt
1828 2018 1994 2068 Dionys.
2014 2018 2108 2058 Hal.
2136 2021 2232 2060 libr.
2261 2023 2359 2062 rhet.
2387 2029 2425 2062 et
2449 2024 2543 2065 crit.

557 2091 655 2130 Plut.
687 2091 727 2128 in
757 2091 829 2128 vit.
858 2090 983 2128 decem
1013 2073 1114 2129 orat.
1143 2091 1257 2129 Rhet.
1285 2092 1419 2130 Graec.
1446 2093 1505 2130 ed.
1536 2093 1653 2130 VValz
1680 2091 1865 2140 inprimis
1891 2087 2079 2142 Her-mog.
2108 2093 2206 2144 περὶ
2237 2092 2362 2135 ἲδειὸν
2379 2095 2543 2149 τομ.β’.

557 2163 706 2207 Cicero,
737 2163 1028 2208 Quinctiliauus
1054 2168 1092 2200 et
1124 2162 1448 2202 westermannus
1474 2166 1516 2203 in
1542 2166 1635 2202 hist.
1663 2167 1764 2213 eloq.
1778 2162 1961 2201 Graecae.
