2713 3419
1253 220 1491 258 ...6.-

483 354 634 410 Haec,
685 351 743 396 de
772 364 862 410 qua
898 352 1034 395 modo
1067 352 1197 410 dixi,
1239 355 1520 412 reipublicae
1554 355 1828 413 temperatio
1862 356 2068 414 inprimis
2101 358 2216 404 favit
2248 359 2466 419 eloquen-

287 443 402 497 tiae,
431 439 517 484 sed
550 438 680 480 fuere
712 435 831 479 aliae
864 450 1046 494 quoque
1077 450 1247 480 causae
1281 438 1418 482 huius
1446 438 1557 481 artis
1589 438 1826 483 fautrices.
1889 439 1986 482 Iam
2020 445 2125 497 post
2157 442 2327 487 bellum
2359 444 2471 487 illud

283 526 568 570 celebratum
600 524 758 563 contra
786 519 959 563 Persas
989 525 1172 578 gestum
1202 521 1385 564 occasio
1418 521 1576 564 oblata
1608 521 1692 565 fuit
1712 554 1724 578 ,
1765 535 1856 580 qua
1887 522 1956 566 usi
1991 527 2202 567 oratores
2248 527 2474 584 neglectis

283 612 427 655 rebus
461 605 671 651 civilibus
706 602 1003 660 splendorem
1030 608 1076 647 et
1104 608 1312 647 ornatum
1344 604 1525 648 dicendi
1561 605 1787 649 exhibere
1816 609 2053 662 artemque
2078 619 2209 649 suam
2241 612 2477 653 ostentare

284 694 512 752 poterant.
583 687 669 733 Cui
708 686 775 730 rei
826 686 1140 730 inserviebant
1195 687 1432 732 orationes
1479 687 1702 732 funebres
1735 687 1785 736 18)
1823 684 1963 737 (λόγοι
1989 683 2243 740 ἐπιτάφιοι),
2287 704 2477 747 quarum

283 780 444 822 auctor
472 770 698 818 Aristides
729 768 875 814 fuisse
908 768 1085 824 fertur,
1133 782 1236 813 cum
1278 769 1335 814 iis
1366 770 1440 829 qui
1491 770 1537 814 in
1578 784 1733 830 pugna
1776 770 1836 815 ad
1869 771 2087 815 Plataeas
2137 771 2476 830 occubuissent,

286 861 408 905 iusta
446 857 622 902 fierent.
686 852 1039 898 Atheniensium
1090 866 1203 896 vero
1256 853 1327 897 hic
1367 868 1469 898 mos
1510 854 1660 898 solum
1693 855 1778 899 fuit
1809 855 2044 913 proprius,
2093 854 2221 899 utin
2254 855 2476 902 honorem

288 957 470 998 eorum,
503 940 577 998 qui
612 940 826 982 decoram
858 950 941 992 pro
970 936 1119 993 patria
1148 940 1340 979 mortem
1387 936 1646 993 obiissent,
1696 939 1942 996 quotannis
1990 939 2199 997 publicae
2257 939 2473 984 solemni-

287 1032 408 1070 tates
440 1025 742 1075 haberentur,
793 1020 958 1076 quibus
1009 1020 1059 1073 ii,
1110 1020 1183 1076 qui
1234 1019 1280 1060 in
1333 1019 1524 1075 proeliis
1565 1020 1874 1077 cecidissent,
1918 1021 2038 1065 iusta
2078 1023 2472 1080 persolverentur.

288 1111 513 1153 Oratores
545 1106 818 1163 legebantur
849 1117 876 1145 a
905 1106 1081 1147 Senatu
1114 1102 1188 1158 qui
1228 1102 1459 1158 dicerent,
1500 1107 1547 1145 et
1575 1104 1848 1147 solemnitas
1880 1105 1925 1147 in
1962 1105 2201 1149 Ceramico
2234 1110 2370 1148 extra
2400 1120 2474 1150 ur-

287 1196 393 1239 bem
432 1193 584 1236 fiebat.
652 1189 789 1239 Quae
824 1202 960 1244 quum
994 1186 1181 1243 saepius
1220 1190 1533 1243 repeteretur,
1582 1188 1752 1231 factum
1785 1192 1881 1244 est,
1931 1193 1981 1232 ut
2018 1195 2232 1233 oratores
2263 1204 2365 1234 cum
2396 1204 2475 1233 eo-

287 1294 413 1334 rum,
465 1275 540 1334 qui
582 1272 819 1330 sepultura
851 1269 1043 1313 ornandi
1078 1272 1269 1325 esseut,
1315 1269 1579 1313 laudatione
1612 1270 1832 1315 maiorum
1865 1272 2113 1329 praeconia
2143 1273 2477 1332 coniungerent

286 1362 499 1419 adeoque
537 1358 581 1401 in
615 1356 856 1400 universas
894 1354 1178 1396 Athenarum
1219 1353 1382 1397 laudes
1430 1354 1820 1411 exspatiarentur.
1885 1356 2005 1400 Hinc
2049 1361 2214 1415 postea
2264 1358 2476 1403 rhetores

286 1450 334 1489 et
364 1443 601 1499 sophistae
633 1438 868 1496 egregium
911 1451 1025 1480 sane
1063 1451 1272 1493 campum
1310 1437 1427 1479 nacti
1459 1442 1594 1493 sunt,
1639 1439 1683 1481 in
1724 1454 1814 1496 quo
1849 1441 1962 1484 artis
1991 1453 2106 1483 suae
2141 1442 2397 1484 ubertatem
2427 1446 2476 1485 et

283 1525 612 1585 praestantiam
641 1523 955 1579 explicarent,
986 1519 1029 1561 id
1061 1520 1182 1577 qnod
1213 1534 1277 1562 ex
1307 1535 1364 1563 eo
1400 1521 1688 1577 potissimum
1715 1526 1926 1579 tempore
1956 1523 2125 1566 factum
2157 1522 2355 1580 videtur,
2385 1540 2476 1583 quo

285 1609 483 1667 Gorgias
514 1606 773 1650 Leontinus
812 1605 991 1662 publice
1036 1603 1347 1646 laudationem
1380 1603 1621 1647 funebrem
1669 1605 1837 1648 habuit.
1900 1606 1972 1648 Ita
2014 1610 2230 1649 exortum
2264 1611 2337 1650 est
2367 1607 2480 1651 illud

285 1693 346 1735 ad
385 1691 741 1734 ostentationem
772 1691 1086 1754 comparatum
1126 1687 1303 1729 dicendi
1342 1701 1520 1744 genus,
1557 1688 1603 1729 in
1635 1703 1725 1744 quo
1774 1689 1976 1731 maxime
2017 1688 2125 1746 quid
2164 1702 2241 1731 ars
2277 1690 2474 1746 valeret,

286 1774 498 1833 expromi
530 1776 726 1832 poterat.
787 1771 1041 1816 Praeterea
1079 1769 1198 1813 idem
1242 1769 1352 1813 illud
1391 1771 1561 1815 bellum
1592 1771 1829 1816 Persicum
1880 1775 1928 1815 et
1966 1772 2114 1831 magis
2157 1773 2296 1818 etiam
2344 1774 2472 1830 polo-

285 1858 646 1918 ponnesiacum,
677 1860 728 1900 ut
757 1855 1018 1914 legationes
1056 1853 1341 1912 frequentius
1384 1855 1734 1912 emitterentur,
1778 1855 1968 1912 effecit,
2018 1861 2065 1900 et
2109 1871 2277 1917 magna
2307 1865 2464 1906 aucto-

284 1943 417 1986 ritate
449 1941 712 1985 fruerentur
746 1939 923 1998 legati,
954 1952 1070 1995 quos
1103 1938 1219 1981 inter
1247 1943 1293 1982 et
1325 1938 1538 1981 rhetores
1566 1939 1774 1996 publicos
1805 1939 2124 1985 intercedebat
2154 1942 2312 1986 intima
2343 1946 2476 2002 quasi

286 2026 511 2084 cognatio.
576 2023 691 2067 Inde
723 2036 750 2065 a
783 2022 955 2079 Gorgia
988 2023 1100 2074 (427
1132 2035 1172 2063 a.
1203 2022 1333 2070 Chr.)
1364 2022 1651 2078 potissimum
1685 2023 1967 2066 intellectum
1997 2029 2104 2080 est,
2139 2027 2296 2083 quanti
2338 2029 2477 2071 aesti-

286 2108 437 2151 mandi
470 2111 628 2150 essent
662 2105 819 2148 diserti
858 2105 1013 2162 legati.
1077 2105 1391 2148 Athenienses
1425 2105 1560 2163 igitur
1589 2105 1794 2162 inprimis
1817 2112 2065 2162 curarunt,
2109 2113 2159 2152 ut
2193 2110 2474 2167 eloquentis-

284 2191 413 2234 simis
441 2190 577 2233 modo
610 2189 718 2232 viris
749 2188 1106 2231 demandaretur
1143 2188 1387 2245 legationis
1426 2203 1605 2231 munus.
1669 2190 1747 2232 Sic
1790 2189 2083 2234 Callistratus
2118 2193 2333 2249 Spartam
2369 2207 2474 2250 pro-

287 2275 434 2317 fectus
466 2278 562 2329 est,
597 2277 877 2331 posteroque
909 2276 1117 2328 tempore
1153 2271 1528 2326 Demosthenes,
1562 2272 1850 2326 Aeschines,
1885 2272 2156 2332 Lycurgus,
2210 2275 2478 2333 Hyperides

286 2358 443 2401 emissi
482 2361 601 2401 sunt.
664 2356 800 2399 Adeo
834 2356 919 2398 hoc
948 2355 1216 2411 exemplum
1249 2354 1392 2397 traxit
1433 2355 1550 2397 alias
1590 2368 1771 2411 quoque
1803 2355 2042 2412 civitates,
2079 2362 2129 2399 ut
2157 2371 2222 2400 ex
2256 2359 2477 2403 brevibus

284 2446 335 2485 et
362 2441 579 2500 gravibus
613 2439 853 2484 sententiis
889 2440 1026 2483 etiam
1055 2439 1177 2496 apud
1209 2440 1468 2496 Spartanos
1505 2437 1774 2481 dilataretur
1800 2438 1947 2482 oratio
1989 2439 2096 2483 inde
2126 2452 2156 2483 a
2193 2442 2477 2498 temporibus

284 2525 537 2580 Brasidae,
570 2523 828 2582 Lysandri,
874 2523 1162 2567 Antaleidae.
1222 2522 1507 2580 Legatorum
1536 2521 1658 2565 enim
1691 2525 1792 2565 erat
1827 2535 1942 2566 suae
1990 2521 2188 2566 civitatis
2225 2523 2479 2568 defendere

283 2612 334 2652 et
364 2608 480 2652 tueri
514 2606 780 2662 commoda,
812 2610 860 2650 et
892 2606 1086 2650 foedera
1115 2620 1215 2649 cum
1247 2606 1351 2649 aliis
1389 2605 1652 2648 civitatibus
1691 2605 1882 2664 iungere
1903 2638 1916 2661 ,
1956 2609 2006 2648 ut
2043 2605 2221 2662 patriae
2255 2619 2370 2649 suae
2403 2620 2478 2650 sa·

282 2691 367 2736 luti
402 2691 519 2734 bene
552 2690 886 2734 consuleretur.
950 2690 1126 2732 Harum
1155 2688 1438 2743 orationum,
1477 2702 1591 2745 quas
1622 2686 1763 2745 legati
1803 2689 2083 2745 habuerant,
2127 2688 2188 2730 ad
2220 2689 2473 2732 similitudi-

287 2788 393 2818 nem
430 2786 583 2817 r-erum
614 2787 795 2831 quoque
827 2771 1092 2816 conditores
1129 2771 1362 2815 orationes
1402 2771 1500 2816 suis
1535 2771 1836 2815 inseruerunt
1865 2772 2200 2828 monumentis,
2254 2776 2305 2816 ut
2346 2785 2478 2816 suam

283 2859 335 2901 et
368 2856 454 2914 ipsi
484 2855 665 2901 dicendi
701 2855 970 2901 facultatem
998 2858 1301 2899 ostentarent.
1334 2854 1384 2912 ¹⁴³)
1449 2854 1555 2899 Mos
1587 2853 1772 2913 quidem
1815 2854 2050 2900 orationes
2093 2854 2139 2899 in
2176 2854 2403 2912 poematis
2431 2859 2478 2899 et

284 2939 331 2986 in
358 2939 548 2985 historia
599 2939 863 2998 proferendi
904 2938 1011 2984 inde
1054 2939 1113 2983 ab
1151 2939 1355 2984 Homero
1402 2943 1448 2983 ct
1488 2938 1728 2984 Herodoto
1775 2938 1997 2998 originem
2029 2938 2185 2993 (luxit,
2224 2951 2351 2992 cum,
2401 2936 2477 2994 qui
