2713 3419
1183 239 1423 277 ...7-

199 390 353 422 mores
384 378 547 422 essent
569 374 796 433 virorum,
829 375 904 435 qui
936 375 1155 435 agebant,
1187 375 1354 419 melius
1390 374 1572 419 ostendi
1607 389 1699 419 non
1729 388 1872 433 posse
1907 374 2058 419 visum
2085 379 2228 431 esset,
2264 386 2399 433 quam

202 459 241 505 si
271 459 597 505 inducerentur
622 459 881 518 loquentes.
944 458 1042 504 Sed
1072 458 1146 503 hic
1187 473 1291 503 mos
1321 472 1379 503 eo
1416 456 1567 516 magis
1602 458 1819 515 obtinuit,
1851 457 1975 517 quod
2007 471 2159 502 rerum
2194 456 2390 515 scripto-

201 543 327 588 ribus
361 542 456 586 vita
484 542 666 601 publica
700 545 913 586 accurate
941 541 1235 600 depingenda
1267 545 1383 599 erat,
1413 545 1464 585 ut
1495 554 1614 599 quae
1650 553 1679 583 a
1710 541 1872 600 quibus
1905 541 2017 585 viris
2046 540 2167 584 facta
2201 545 2247 584 et
2274 540 2396 584 dicta

203 630 394 682 essent,
437 626 546 670 viva
576 626 776 685 imagine
818 625 878 668 ad
916 625 1236 683 posteritatem
1277 626 1598 683 proderentur.

412 797 510 843 Sed
537 800 841 855 posteaquam
869 795 927 840 de
950 794 1187 853 republica
1215 795 1316 852 ipsa
1347 795 1538 854 eiusque
1572 796 1794 841 institutis
1825 796 2098 854 quibusdam
2138 794 2391 852 explicavi—

205 895 334 937 mus,
370 881 430 925 ad
465 881 643 925 litteras
676 882 724 923 et
743 877 972 925 sermonis
1007 879 1234 924 rationem
1266 879 1603 939 adgrediemur.
1665 881 1721 924 In
1750 884 1955 924 aetatem
1991 880 2113 924 enim
2141 878 2398 923 Pericleam

206 964 360 1008 incidit
382 976 560 1008 summa
579 962 744 1006 artium
777 965 825 1006 et
852 962 1107 1007 litterarum
1133 963 1334 1008 omnium
1369 964 1560 1008 cultura.
1624 965 1744 1007 Tum
1772 963 2055 1008 exstiterunt
2081 977 2235 1007 rerum
2258 960 2399 1017 scrip-

205 1052 330 1092 tores
369 1045 656 1106 gravissimi,
696 1057 773 1090 ars
800 1048 848 1089 et
894 1045 1070 1104 tragica
1105 1049 1154 1090 et
1188 1047 1362 1090 comica
1397 1046 1598 1105 palmam
1637 1046 1768 1102 tulit,
1809 1046 1921 1089 mira
1977 1044 2218 1089 artificium
2256 1055 2402 1102 opera

205 1129 417 1175 confecta
444 1133 493 1174 ct
519 1131 819 1174 monumenta
853 1128 1113 1174 venustatis
1149 1132 1389 1173 exstructa
1421 1133 1530 1174 sunt
1554 1129 1804 1188 perennia,
1834 1127 2070 1186 adeoque,
2109 1131 2160 1172 ut
2181 1127 2400 1171 Athenae

205 1219 366 1261 essent
396 1213 538 1258 sedes
572 1212 703 1270 quasi
736 1216 785 1256 et
806 1212 1083 1256 domicilium
1115 1213 1316 1257 omnium
1341 1213 1507 1257 artium
1540 1217 1589 1257 et
1615 1214 1871 1258 litterarum
1907 1212 2175 1257 liberalium.
2241 1209 2400 1253 Philo-

206 1300 456 1357 sophorum
497 1296 635 1340 etiam
675 1296 944 1354 disciplinae
975 1300 1115 1340 antea
1149 1296 1247 1341 suis
1286 1310 1499 1355 quaeque
1524 1296 1639 1340 locis
1671 1298 1801 1355 quasi
1833 1295 2204 1353 circumscriptae
2237 1293 2400 1337 sedem

205 1381 404 1429 Athenis
436 1380 745 1436 collocarunt,
776 1382 825 1423 et
854 1393 1129 1438 quamquam
1160 1384 1299 1423 atrox
1336 1383 1572 1424 certamen
1611 1380 1669 1424 de
1705 1381 1885 1439 placitis
1916 1386 2009 1424 tam
2043 1377 2241 1423 diversis
2259 1382 2396 1434 atque

205 1468 325 1511 inter
362 1479 416 1509 se
445 1463 687 1507 contrariis
726 1466 876 1506 ortum
919 1467 1041 1517 erat,
1082 1461 1182 1506 fleri
1210 1466 1367 1506 tamen
1405 1477 1499 1507 non
1540 1463 1709 1521 potuit,
1736 1464 1844 1522 quin
1885 1478 1950 1508 ex
1986 1463 2072 1506 hac
2101 1460 2396 1518 oppositione

206 1550 498 1594 decretorum
533 1546 674 1590 rebus
710 1549 807 1589 tum
849 1548 1039 1589 strenue
1082 1545 1129 1589 in
1168 1558 1371 1589 examen
1414 1546 1591 1592 vocatis
1634 1561 1746 1591 vera
1787 1551 1835 1591 et
1868 1546 2073 1606 genuina
2105 1543 2399 1602 philosophia

205 1632 490 1676 nasceretur.
546 1628 650 1672 Nec
680 1627 856 1672 minore
885 1641 995 1672 cura
1031 1641 1186 1673 sermo
1223 1642 1405 1687 quoque
1436 1628 1694 1674 Atticorum
1726 1631 1943 1675 excultus
1979 1631 2027 1672 ct
2060 1626 2314 1685 perpolitus
2350 1630 2399 1669 et

206 1714 267 1758 ad
294 1713 455 1757 miram
488 1710 768 1769 elegantiam
798 1711 1048 1769 perductus
1084 1715 1170 1755 est.
1231 1712 1287 1755 In
1316 1712 1500 1770 linquae
1531 1715 1687 1756 autem
1718 1712 2130 1757 conformationem
2164 1715 2288 1754 terra
2318 1710 2398 1752 du-

205 1798 299 1843 rior
329 1801 378 1842 et
407 1796 558 1840 minus
589 1794 707 1839 felix
741 1794 860 1839 coeli
891 1794 1164 1852 temperies,
1195 1799 1245 1839 at
1275 1794 1610 1841 effeminationi
1644 1795 1885 1854 officiens,
1930 1794 2190 1842 conlunctio
2223 1794 2397 1839 Attica-

204 1896 306 1927 rum
334 1880 532 1928 tribuum
562 1878 609 1922 in
641 1891 781 1922 unam
810 1877 1043 1923 civitatem
1073 1878 1337 1924 iamdudum
1366 1878 1504 1936 facta,
1535 1878 1758 1939 frequens
1789 1880 2142 1940 peregrinorum
2168 1890 2397 1923 commea-

204 1970 282 2010 tus
304 1997 318 2021 ,
354 1961 677 2008 commercium
708 1961 908 2021 denique
942 1966 991 2006 et
1026 1966 1288 2007 mercatura
1326 1975 1580 2022 sanequam
1627 1963 1879 2008 maximam
1920 1963 2014 2008 vim
2070 1965 2398 2008 exercuerunt.

207 2048 327 2092 Hinc
348 2046 488 2105 Attici
533 2059 668 2089 suum
698 2045 785 2089 sibi
815 2046 999 2103 linquae
1028 2046 1346 2089 characterem
1384 2051 1722 2104 expresserunt
1755 2047 1816 2090 ad
1843 2047 2134 2091 solididatem
2177 2050 2227 2090 et
2262 2046 2398 2089 uber-

203 2135 350 2175 tatem
383 2134 432 2174 et
464 2130 711 2173 verborum
743 2133 792 2173 et
819 2133 1079 2173 structurae
1093 2162 1105 2185 ,
1156 2135 1294 2188 atque
1332 2129 1589 2174 orationem
1620 2143 1769 2188 aeque
1813 2131 2061 2174 distantem
2103 2130 2163 2173 ab
2210 2129 2400 2187 antiqua

204 2213 477 2258 austeritate
519 2212 721 2256 Doricae
766 2211 950 2255 dialecti
999 2224 1054 2256 ac
1102 2212 1369 2257 luxuriante
1414 2216 1462 2256 et
1502 2213 1628 2268 molli
1663 2213 1863 2257 dictione
1901 2214 2081 2269 Ionica,
2120 2212 2318 2256 mediam
2350 2216 2401 2255 et

206 2297 328 2342 bene
360 2309 424 2341 ex
457 2298 651 2354 utraque
692 2298 998 2354 temperatam
1037 2299 1376 2354 compararunt.
1446 2295 1587 2340 Primi
1632 2295 1794 2356 tragici
1827 2296 2012 2356 propria
2049 2294 2248 2339 dialecto
2286 2307 2397 2338 con-

207 2380 405 2424 formata
442 2378 621 2437 copiam
650 2378 967 2438 generosioris
1008 2378 1222 2425 dictionis
1255 2380 1463 2438 poeticae
1497 2379 1789 2424 effinxerunt
1820 2395 1914 2425 non
1950 2385 2107 2440 spreta
2135 2378 2400 2439 regularum

207 2464 406 2509 formula
424 2496 438 2520 ,
468 2463 629 2507 comici
669 2462 943 2507 familiarem
973 2478 1239 2508 sermonem
1270 2463 1535 2522 diligentius
1566 2464 1895 2522 excoluerunt,
1934 2479 2084 2524 aeque
2138 2466 2398 2523 puritatem,

206 2547 555 2606 congruentiam
585 2546 1048 2605 aequabilitatemque
1089 2559 1144 2589 ac
1171 2547 1317 2590 libere
1348 2546 1531 2590 dicendi
1567 2547 1834 2591 facultatem
1856 2581 1870 2604 ,
1912 2549 2121 2606 leporem
2181 2548 2396 2591 facetias-

209 2645 298 2689 que
330 2629 508 2675 sectati.
570 2628 882 2687 Posteaquam
914 2631 1071 2676 autem
1101 2642 1187 2687 per
1217 2628 1453 2687 sophistas
1482 2644 1637 2674 sermo
1669 2630 1728 2674 ad
1755 2630 1886 2675 firma
1916 2635 2165 2689 praecepta
2195 2630 2399 2674 directus

209 2716 284 2757 est
302 2743 317 2768 ,
350 2713 492 2755 Attici
520 2712 585 2755 ad·
615 2712 908 2756 historiarum
938 2712 1309 2769 expositionem,
1337 2712 1398 2755 ad
1426 2713 1609 2756 dicendi
1646 2718 1822 2769 artem,
1856 2714 1919 2757 ad
1955 2714 2278 2771 philosophiae
2313 2727 2398 2756 ex-

208 2795 503 2852 plicationem
531 2808 720 2851 prosam
756 2795 968 2839 fecerunt
991 2808 1287 2839 numerosam
1315 2800 1364 2838 et
1387 2797 1635 2840 verborum
1664 2798 1836 2840 ambitu
1865 2799 2154 2852 conclusam,
2182 2810 2400 2841 severam

208 2881 258 2921 et
291 2892 509 2935 gravem,
542 2882 787 2922 venustam
817 2878 966 2938 qualis
995 2882 1071 2923 est
1093 2878 1329 2923 hominum
1358 2879 1737 2937 politissimorum
1768 2881 1934 2937 oratio,
1973 2880 2219 2938 anologiae
2250 2893 2403 2938 aeque

207 2958 539 3006 inservientem
580 2972 635 3005 ac
679 2959 825 3008 libere
864 2961 1069 3023 fingendi
1119 2961 1319 3008 arbitrio.
1392 2961 1636 3009 Postremo
1691 2976 1909 3022 magnum
1940 2962 2195 3009 subsidium
2227 2964 2274 3008 in
2310 2979 2403 3024 quo
