2713 3419
1206 172 1442 212 -5-

241 308 618 369 praevalebat,¹³)
637 308 711 365 qui
733 321 797 350 ex
815 312 1021 365 tempore
1044 308 1187 351 verba
1209 306 1455 363 faciebant,
1474 321 1578 350 raro
1590 305 1917 363 procedebant,
1936 309 1984 348 et
1999 317 2210 363 magnum
2221 304 2436 348 intereos

235 398 285 437 et
302 393 521 451 populum
544 391 763 449 ipsosque
779 391 1074 450 magistratus
1086 390 1402 435 intercedebat
1421 390 1683 434 discrimen.
1715 389 1925 447 Populus
1946 387 2052 431 inde
2071 387 2129 431 ab
2147 401 2205 431 eo
2229 391 2438 446 tempore

238 477 386 534 magis
410 475 670 519 oratoribus
692 478 908 531 tanquam
928 473 1184 517 rectoribus
1208 474 1306 518 suis
1321 488 1430 518 sese
1442 473 1736 517 commiserat
1753 477 1801 515 et
1815 485 1960 529 saepe
1978 474 2136 515 eontra
2147 471 2440 529 magistratus

237 559 328 602 vim
345 571 476 605 suam
496 557 768 613 exhibebat,
800 555 964 600 ductus
993 556 1052 599 ab
1069 555 1140 611 iis,
1159 556 1233 613 qui
1253 556 1451 601 dicendo
1474 555 1705 600 communi
1724 568 1778 599 se
1803 553 1939 598 saluti
1959 552 2225 611 prospicere
2255 553 2438 598 simula-

237 642 361 685 bant.
393 641 544 684 Huius
563 644 719 684 autem
736 639 1038 696 depravitatis
1050 639 1277 683 auctrices
1293 639 1423 682 fuere
1436 641 1705 697 Syracusae
1728 642 1779 682 et
1792 637 2005 682 Athenas
2023 636 2150 681 bello
2159 636 2439 695 peloponne-

237 724 364 769 siaco
387 723 503 768 haec
532 723 679 783 pestis
710 722 896 766 invasit.
928 723 1027 767 Iam
1046 736 1149 766 cum
1167 726 1322 765 aetate
1334 720 1548 765 Periclea
1579 721 1787 766 maxima
1817 720 2102 765 incrementa
2123 719 2326 778 cepisset
2341 720 2437 765 elo-

237 806 425 865 quentia
462 810 512 851 et
554 806 795 863 sophistae
835 805 881 848 id
911 805 1115 849 maxime
1148 809 1345 863 agerent
1367 815 1388 861 ‚¹
1441 809 1491 848 ut
1519 819 1807 849 communem
1839 804 2083 860 disciplina
2114 816 2201 847 sua
2233 802 2440 847 facerent

238 889 418 933 dicendi
450 889 745 943 facultatem,
783 890 880 931 tum
912 901 1076 931 omnes
1106 885 1415 944 proruperunt
1449 887 1508 930 ad
1553 886 1736 930 dicendi
1768 887 2001 930 licentiam
2046 887 2120 930 vel
2159 885 2366 931 iuniores
2396 890 2443 928 et

238 972 458 1017 mediocri
487 971 677 1029 ingenio
708 970 906 1028 praediti
928 1003 942 1026 ,
985 985 1077 1029 quo
1116 970 1265 1028 magis
1307 970 1593 1015 recedebant
1637 982 1667 1013 a
1717 969 1981 1013 reverentia
2010 982 2124 1028 erga
2155 969 2366 1013 seniores
2396 971 2444 1011 et

239 1055 523 1113 sagaciores.
556 1051 607 1112 ¹¹⁸)
667 1052 858 1098 Solonis
889 1053 971 1097 lex
1003 1053 1218 1111 neglecta
1262 1052 1457 1097 iacebat.
1526 1052 1724 1098 Exstitit
1768 1052 1958 1111 insuper
2002 1066 2106 1097 mos
2138 1055 2191 1097 ut
2232 1055 2443 1097 oratores

238 1137 586 1182 conscriberent
616 1136 853 1181 orationes
885 1139 933 1180 et
963 1135 1206 1195 pecuniam
1239 1136 1532 1195 acciperent,
1564 1136 1654 1179 iam
1673 1134 1975 1194 Antiphontis
2006 1138 2159 1178 aetate
2186 1135 2276 1180 sub
2306 1133 2445 1178 finem

239 1221 349 1265 belli
377 1220 771 1279 peloponnesiaci.
796 1219 849 1273 ¹⁵)
911 1220 1027 1263 Inde
1059 1232 1089 1263 a
1123 1219 1421 1277 Thrasybulo
1455 1224 1505 1263 et
1535 1220 1772 1263 Archinoo
1802 1218 2044 1263 dissidium
2074 1217 2243 1262 factum
2272 1222 2348 1262 est
2375 1219 2443 1262 in-

237 1308 309 1348 ter
338 1304 449 1348 belli
480 1303 625 1347 duces
658 1306 707 1345 et
735 1301 812 1359 qui
846 1302 1043 1345 orabant
1067 1302 1114 1345 in
1144 1303 1446 1350 concionibus
1480 1306 1529 1346 et
1559 1303 1697 1359 plane
1747 1303 1982 1348 diversum
2020 1306 2122 1345 crat
2151 1298 2202 1339 τό
2227 1297 2442 1340 nolanis-

238 1386 346 1423 σθαι
370 1384 441 1423 καὶ
465 1382 516 1423 τό
542 1382 832 1435 ςρατηγεῖν.’6)
890 1384 988 1427 Sed
1015 1388 1172 1427 tamen
1204 1388 1255 1428 ut
1285 1384 1407 1428 inter
1440 1384 1655 1443 contagia
1683 1385 1906 1429 malorum
1937 1384 2076 1429 etiam
2104 1388 2225 1441 sunt,
2254 1383 2329 1442 qui
2347 1397 2442 1427 me·

240 1468 358 1512 liora
390 1471 567 1524 curent,
596 1480 661 1511 ex
693 1480 751 1510 eo
781 1466 885 1525 ipso
914 1471 1125 1526 tempore
1159 1467 1304 1512 duces
1336 1467 1510 1511 afferre
1541 1481 1792 1525 possumus
1809 1500 1822 1524 ,
1853 1468 1929 1526 qui
1967 1467 2164 1512 dicendo
2193 1466 2444 1525 pollebant,

239 1553 320 1593 aut
350 1562 380 1593 a
407 1549 789 1607 philosophorum
817 1550 1007 1607 scholis,
1037 1554 1088 1595 ut
1119 1550 1343 1594 Chabrias
1374 1555 1423 1594 et
1452 1550 1676 1607 Phocion,
1706 1550 1782 1609 qui
1813 1554 1948 1594 erant
1977 1551 2036 1594 ab
2066 1549 2334 1606 Academia,
2363 1554 2443 1594 aut

241 1646 307 1676 ex
339 1631 560 1677 Isocratis
588 1631 831 1690 disciplina
860 1632 1071 1690 profecti,
1107 1637 1158 1678 ut
1186 1633 1477 1678 Timotheus.
1539 1633 1756 1691 Iphicrati
1776 1633 1949 1691 Lysias
1982 1633 2165 1691 scripsit
2194 1634 2441 1678 orationes.

240 1717 306 1761 At
336 1716 383 1760 in
406 1715 768 1759 administranda
799 1716 1036 1773 republica
1062 1730 1157 1760 non
1187 1721 1364 1761 tantum
1397 1717 1629 1761 habebant
1656 1718 1916 1774 potestatis,
1947 1721 2165 1775 quantum
2195 1721 2333 1761 antea
2362 1718 2439 1761 vel

245 1799 589 1844 Themistocles
618 1800 696 1842 vel
729 1799 906 1842 Cimon.
968 1800 1179 1858 Populus
1209 1800 1301 1843 iam
1328 1800 1576 1843 lenociniis
1610 1805 1844 1845 oratorum
1876 1806 1924 1845 et
1961 1800 2284 1845 blandimentis
2321 1799 2442 1844 adeo

244 1888 350 1928 erat
372 1886 608 1937 assuetuS‚
648 1887 700 1925 ut
728 1883 1015 1927 truculentus
1047 1883 1229 1928 Chares
1261 1897 1592 1941 nonnunquam
1621 1885 1727 1941 plus
1757 1885 2043 1929 auctoritatis
2072 1885 2278 1939 haberet,
2306 1896 2442 1941 quam

246 1965 418 2024 optime
469 1964 529 2010 de
559 1964 797 2023 republica
826 1964 1018 2011 meritus
1047 1965 1125 2011 vel
1158 1966 1416 2025 Iphicrates
1447 1965 1523 2010 vel
1558 1966 1636 2011 alii
1670 1967 1778 2012 boni
1812 1967 1912 2012 viri.
1975 1966 2183 2012 Licentia
2211 1966 2335 2012 enim
2366 1979 2441 2010 co-

246 2048 366 2093 mica
392 2051 441 2093 et
469 2046 689 2092 dicacitas
719 2047 780 2092 ad
810 2051 1022 2092 oratores
1052 2048 1184 2107 quasi
1215 2048 1494 2095 demandata
1528 2062 1638 2093 esse
1678 2050 1950 2108 videbatur,
2001 2055 2050 2095 et
2085 2050 2318 2094 auditores
2349 2061 2443 2092 non

246 2131 399 2176 minus
432 2130 653 2175 conviciis
683 2134 732 2175 et
753 2131 994 2176 calumniis
1028 2136 1263 2178 oratorum
1291 2133 1656 2190 delectabantur,
1684 2146 1821 2192 quam
1852 2141 1993 2179 antea
2013 2135 2284 2178 comicorum
2316 2130 2440 2176 face·

243 2215 346 2272 tiis,
376 2227 469 2273 qua
491 2213 753 2272 corruptela
784 2214 925 2259 etiam
954 2215 1174 2261 meliores
1207 2220 1420 2262 oratores
1445 2232 1540 2262 non
1572 2218 1756 2262 omnino
1785 2222 1919 2262 erant
1948 2217 2094 2263 liberi.
2121 2217 2260 2268 Quae
2284 2228 2440 2275 quam-

248 2310 387 2357 quam
414 2297 480 2342 ita
509 2301 644 2342 erant
662 2330 676 2354 ,
721 2301 883 2342 tamen
913 2312 972 2343 eo
1008 2298 1112 2357 ipso
1153 2303 1362 2358 tempore
1393 2300 1501 2345 boni
1540 2300 1817 2359 honestique
1845 2301 1976 2346 cives
2008 2301 2195 2360 saepius
2226 2301 2364 2346 etiam
2395 2300 2442 2344 in

249 2383 489 2427 certamen
538 2379 882 2426 descenderunt
925 2395 1030 2427 cum
1067 2382 1261 2440 perditis
1306 2386 1355 2428 et
1401 2383 1623 2441 improbis
1654 2383 1806 2441 plebis
1837 2384 2207 2429 assentatoribus
2235 2388 2283 2427 et
2311 2383 2440 2428 Anti-

248 2462 424 2522 phonte
455 2465 614 2509 aetate
643 2462 884 2508 victoriam
914 2469 1213 2522 reportarunt
1242 2465 1301 2509 de
1323 2465 1616 2524 Hyperbolo,
1647 2468 1695 2524 ¹⁷)
1742 2467 1833 2525 qui,
1863 2481 2001 2525 quum
2038 2467 2099 2512 ad
2126 2468 2275 2525 plebis
2304 2466 2441 2511 modo

251 2547 449 2607 gratiam
478 2550 528 2592 et
551 2544 839 2591 voluntatem
867 2546 1130 2604 perniciose
1175 2550 1306 2592 esset
1342 2547 1552 2606 locutus,
1601 2550 1648 2594 in
1692 2550 1884 2595 exilium
1924 2550 2102 2596 eiectus
2148 2554 2235 2595 est.
2295 2550 2359 2596 Et
2381 2563 2441 2594 ne

248 2630 386 2676 nimis
414 2631 546 2690 larga
575 2633 876 2674 excresceret
908 2628 1154 2674 herbarum
1183 2630 1407 2675 malarum
1434 2645 1604 2691 seges,
1643 2633 1920 2691 prohibitum
1950 2639 2025 2680 est
2056 2633 2246 2678 meliore
2274 2632 2333 2677 ad
2359 2647 2439 2676 ve-

247 2727 350 2760 rum
385 2716 435 2758 et
478 2711 651 2757 iustum
682 2716 732 2757 et
762 2712 1008 2758 honestum
1032 2711 1230 2758 adducta
1257 2713 1539 2773 eloquentia,
1568 2730 1690 2776 quae
1710 2732 1801 2776 quo
1823 2718 1974 2777 magis
2004 2718 2052 2762 in
2069 2718 2297 2762 civitatem
2326 2716 2441 2761 irru-

251 2796 363 2840 ebat
390 2794 621 2855 pernicies
639 2826 655 2851 ,
690 2809 751 2840 eo
780 2795 1046 2854 graviorem
1082 2800 1132 2841 et
1174 2796 1536 2855 splendidiorem
1562 2800 1656 2844 vim
1690 2802 1946 2845 exercebat
1986 2817 2071 2860 per
2110 2816 2304 2860 magnos
2333 2802 2441 2846 illos

254 2880 468 2928 oratores
495 2876 572 2939 qui
611 2879 820 2924 aetatem
851 2878 1059 2927 tulerunt
1083 2882 1132 2926 et
1167 2878 1352 2927 Atticae
1391 2880 1682 2942 eloquentiae
1716 2883 1910 2943 gloriam
1945 2885 2243 2948 stabilierunt.

1932 2971 2038 3024 (2)
