2713 3419
1225 269 1465 309 -2-

257 424 424 469 graves
458 409 717 461 exstitisse,
751 414 797 451 et
830 422 933 451 cum
966 412 1179 451 naturam
1212 407 1390 461 durem,
1422 407 1760 450 admonitorem
1793 402 2183 448 autemeffeetum
2212 406 2454 456 haberent,

260 494 303 536 in
335 491 532 535 dicendo
562 491 693 549 plura
730 495 855 534 recte
891 496 938 534 et
966 490 1209 548 praeclare
1242 489 1430 545 fecisse,
1462 494 1509 533 et
1541 494 1613 534 est
1646 502 1760 532 sanc
1794 487 2127 543 extemporalis
2161 503 2342 548 quoque
2376 504 2453 533 au-

258 574 417 616 daciae
457 579 593 630 atquc
626 573 774 629 ipsius
805 573 1079 616 temeritatis
1114 572 1187 613 vel
1219 573 1468 629 praecipua
1521 571 1803 624 iucunditas,
1851 568 1941 612 scd
1983 570 2203 611 naturalis
2235 572 2450 627 loquendi

258 656 471 711 facultas,
504 656 541 698 si
575 655 680 713 quid
714 660 841 699 recte
875 656 983 698 facit
1014 660 1061 698 ct
1092 654 1282 710 pulchre
1315 655 1361 697 in
1393 654 1657 712 loquendo,
1697 653 1841 697 inscia
1876 650 2034 704 efficit,
2078 652 2250 695 artifex
2282 660 2451 707 autem,

262 740 370 797 quid
403 752 583 796 quoque
614 738 754 780 modo
785 744 893 795 agat
918 771 930 792 ‚
961 739 1046 780 sibi
1080 739 1295 781 conscius
1328 752 1435 781 esse
1468 743 1516 780 et
1545 738 1724 780 ratione
1744 770 1757 792 ‚
1791 751 1882 778 non
1926 748 2069 776 coeco
2109 734 2280 789 impetu
2312 749 2454 791 agere

260 822 414 866 debet.
477 822 567 864 Ars
611 824 768 864 autem
819 820 1056 878 dispersas
1106 825 1270 865 natura
1303 833 1381 864 res
1412 819 1588 878 colligit
1614 825 1663 863 et
1693 819 1753 863 ad
1780 823 1955 862 certum
1986 816 2160 859 exitum
2192 817 2366 876 dirigit.
2408 824 2455 860 ct

260 906 347 948 sub
379 918 513 947 unum
546 904 674 960 qni-'lsi
709 908 1007 959 conspectum
1042 904 1175 946 sistit.
1237 902 1473 953 Quamdiu
1506 916 1619 945 vero
1650 902 1851 959 simplex
1884 906 1957 944 est
1979 900 2164 942 vivendi
2198 901 2327 955 ratio,
2361 902 2452 943 sin-

260 987 354 1029 ceri
384 990 488 1028 sunt
519 986 858 1041 incorruptique
897 998 1067 1027 mores.
1099 984 1270 1026 iustitia
1303 989 1349 1026 et
1382 985 1603 1026 honestas
1635 985 1896 1026 naturalem
1929 996 2059 1026 suam
2090 984 2179 1024 vim
2200 982 2245 1023 in
2273 984 2451 1024 animos

260 1070 487 1113 humanos
520 1072 773 1122 exercent,
814 1072 908 1111 tum
941 1081 1111 1125 graves
1144 1067 1281 1109 etiam
1322 1067 1584 1110 sententiae
1618 1067 1693 1110 vel
1726 1067 1902 1124 absque
1933 1067 2027 1110 ullo
2061 1065 2280 1109 orationis
2313 1066 2451 1108 artili-

260 1152 329 1195 cio
364 1151 569 1207 prolatae
603 1150 846 1206 plurimum
888 1151 1044 1193 vah-nc
1083 1156 1302 1206 possunt„
1355 1151 1438 1193 sed
1487 1151 1563 1194 ubi
1607 1156 1880 1207 perventum
1932 1156 2007 1192 est
2049 1149 2108 1192 ad
2146 1149 2363 1191 maiorem
2398 1155 2449 1192 et

257 1234 523 1290 ampliorem
557 1232 910 1289 experientiam,
945 1233 1018 1275 ubi
1051 1238 1214 1275 auctae
1245 1239 1351 1276 sunt
1384 1234 1622 1288 scientiae,
1655 1239 1782 1276 artes
1813 1234 1971 1290 plures
2001 1236 2048 1275 el:
2079 1232 2257 1275 litterae
2288 1232 2446 1275 excul-

258 1322 355 1370 tae,
389 1320 484 1360 tum
517 1316 663 1358 oratio
702 1330 884 1372 quoquc.
929 1331 1018 1359 non
1058 1320 1213 1372 potest
1251 1331 1340 1360 nou
1378 1317 1435 1360 acl
1469 1317 1582 1360 artis
1614 1317 1822 1372 regulam
1855 1316 1998 1374 dirigi.
2064 1317 2202 1366 (luae
2237 1327 2349 1357 vero
2382 1315 2447 1357 in-

255 1399 337 1441 scii
370 1398 542 1441 faciunt
579 1398 790 1440 homines
823 1402 950 1440 certo
988 1398 1103 1441 (lucc
1139 1399 1343 1442 destituti
1365 1432 1376 1443 ,
1437 1401 1481 1443 in
1522 1401 1576 1442 iis
1616 1415 1813 1443 necesse
1858 1405 1930 1443 est
1975 1400 2021 1441 in
2058 1399 2167 1441 vitia
2201 1399 2445 1441 inmittunt.

256 1481 416 1532 Quare
449 1495 509 1524 ex
542 1482 793 1524 observato
825 1480 1086 1525 discrimine
1137 1483 1255 1525 bene
1290 1483 1364 1526 vel
1404 1483 1556 1537 male,
1614 1484 1825 1541 apposite
1880 1482 1954 1525 vcl
1999 1482 2153 1539 inepte
2201 1480 2445 1524 dicentium

256 1569 504 1622 praecepta
535 1565 701 1607 hausta
733 1570 855 1608 sunt.
920 1566 1012 1608 Ars
1065 1580 1178 1608 vero
1232 1571 1311 1609 aut
1363 1567 1549 1609 omnino
1592 1568 1710 1609 tollit
1748 1571 1828 1609 aut
1868 1551 2056 1622 corrigit
2107 1565 2217 1607 vitia
2251 1569 2443 1607 natum.

257 1649 376 1706 quod
397 1662 511 1691 vcro
531 1654 604 1691 est
623 1649 666 1691 in
688 1663 744 1691 ea
758 1648 877 1703 l›oni‚
898 1648 939 1691 id
965 1653 1105 1705 auget
1123 1662 1176 1691 ac
1194 1648 1541 1692 melius-reddit:
1577 1649 1798 1692 cademin
1816 1647 2151 1692 exercitatione
2171 1652 2219 1690 et
2234 1647 2445 1690 imitatio-

256 1732 431 1788 nequid
462 1731 747 1787 sequendum
768 1732 873 1788 quid
902 1732 1168 1788 fugiendum
1189 1732 1339 1774 docet.
1370 1732 1589 1775 Miserum
1620 1732 1801 1788 quidem
1835 1736 1906 1774 cst
1924 1736 1971 1774 ct
1988 1731 2312 1787 perniciosum,
2343 1745 2444 1773 cum

254 1819 417 1857 natura
449 1819 547 1855 arte
580 1814 909 1870 exstinguitur,
940 1815 1024 1857 sed
1059 1815 1335 1871 praecipites
1377 1815 1569 1871 agimur,
1601 1829 1702 1857 cum
1735 1815 1837 1856 solo
1876 1819 2065 1857 naturae
2113 1814 2285 1869 impetu
2318 1814 2443 1856 exci-

251 1901 413 1940 tamur.
473 1897 635 1954 Itaque
669 1901 833 1940 natura
865 1902 912 1940 et
944 1897 1150 1940 doctrina
1183 1898 1228 1940 in
1254 1912 1311 1940 eo
1342 1897 1672 1940 elaborandum
1706 1902 1794 1949 est,
1836 1902 1883 1949 ut
1922 1911 2083 1942 omues
2120 1897 2369 1953 dissipatas
2399 1902 2445 1938 ct

252 1980 501 2024 dissolutas
533 1985 692 2036 partes
724 1980 783 2022 ad
816 1980 1081 2023 meditatam
1113 1981 1255 2024 totius
1287 1980 1480 2024 alicuius
1512 1980 1881 2037 complexionem
1913 1984 2092 2023 coeant.
2171 1979 2305 2024 Multi
2337 1994 2442 2037 pro-

252 2062 372 2106 fecto
405 2062 576 2106 laboris
607 2067 680 2105 est
713 2062 831 2105 alios
863 2062 921 2105 ad
952 2062 1180 2119 agendum
1214 2063 1382 2121 aliquid
1417 2063 1695 2120 compellere
1743 2067 1789 2105 et
1832 2061 1889 2105 ad
1927 2062 2123 2132 eandem
2157 2063 2441 2106 voluntatem

252 2147 452 2203 adigere.
516 2148 809 2202 Quocunque
843 2146 945 2202 quis
978 2145 1035 2187 ad
1065 2145 1306 2189 dicendum
1341 2147 1477 2190 animi
1509 2152 1637 2190 motu
1670 2147 1935 2193 concitatur,
1967 2149 2100 2201 regat
2131 2145 2257 2189 illum
2279 2160 2441 2190 neces-

252 2244 303 2272 se
335 2237 407 2272 est
439 2236 485 2273 et
515 2229 816 2287 quodcunque
849 2229 1073 2275 attendat,
1106 2229 1147 2271 id
1169 2230 1376 2276 consilio.
1411 2229 1587 2284 ordine,
1621 2229 1866 2286 eloquendi
1892 2233 1989 2271 arte
2014 2229 2231 2286 consequi
2254 2229 2441 2273 studeat

252 2326 335 2354 nec
368 2312 603 2356 ardentem
639 2313 683 2355 in
711 2318 897 2368 pectore
935 2312 1085 2353 vivam
1121 2309 1347 2354 flammam
1380 2317 1556 2355 temere
1591 2327 1700 2368 prae
1734 2328 1786 2355 se
1818 2311 1950 2354 ferat.
2016 2309 2265 2355 Prudentia
2303 2311 2439 2370 igitur

251 2399 323 2435 est
357 2395 522 2437 oratori
561 2393 824 2439 adhibenda
868 2400 913 2436 ct
947 2393 1148 2436 maxime
1183 2393 1225 2436 id
1257 2393 1589 2437 intendendum
1624 2398 1671 2436 ut
1707 2393 1927 2449 temporis
1950 2425 1962 2446 ‚
1993 2392 2101 2435 loci.
2137 2407 2437 2449 personarum

250 2477 648 2533 opportunitatem,
682 2491 801 2535 quac
828 2477 887 2520 ad
920 2476 1160 2520 dicendum
1196 2477 1349 2520 ablata
1382 2481 1470 2530 est,
1501 2476 1683 2533 penitus
1713 2481 1906 2532 occupet
1938 2481 1985 2519 et
2024 2476 2084 2518 ita
2117 2475 2237 2520 dicat
2269 2483 2315 2521 ut
2351 2493 2436 2521 nec

248 2564 327 2603 aut
357 2560 597 2615 sententiis
626 2566 705 2604 aut
756 2561 912 2604 verbis
963 2559 1069 2602 addi
1111 2559 1355 2617 quidquam
1383 2574 1471 2603 nec
1520 2559 1639 2603 demi
1673 2560 1832 2617 possit.
1896 2559 2112 2603 Immensi
2146 2560 2232 2603 hoc
2264 2561 2435 2604 laboris

247 2650 336 2695 est,
372 2658 456 2686 neo
487 2644 741 2703 quisquam,
774 2644 860 2687 nisi
895 2644 1085 2701 egregia
1119 2645 1361 2688 multarum
1396 2657 1548 2687 rerum
1583 2643 1821 2700 disciplina
1850 2643 2055 2686 eruditus
2088 2643 2248 2699 fuerit,
2291 2644 2333 2686 id
2369 2645 2433 2687 ct'-

245 2729 385 2773 ficere.
414 2729 595 2786 poterit.
657 2729 773 2771 Arte
803 2728 939 2786 igitur
972 2727 1174 2770 oratoria
1204 2727 1307 2786 quis
1350 2741 1445 2769 non
1485 2726 1620 2769 facilc
1664 2727 1851 2783 largitur
1894 2742 1980 2771 nec
2011 2728 2157 2771 maius
2190 2710 2432 2786 quidquam

244 2827 329 2855 nec
361 2810 594 2856 difficilius
626 2825 751 2865 esse,
783 2815 830 2854 et
859 2810 998 2868 longe
1030 2809 1190 2867 plures
1227 2811 1274 2856 in
1315 2810 1418 2853 aliis
1460 2809 1634 2853 artibus
1674 2809 1879 2854 illustres
1910 2809 2082 2865 fuisse,
2123 2823 2259 2867 quam
2290 2810 2336 2853 in
2367 2809 2431 2853 di-

242 2894 375 2938 cendi
411 2893 642 2938 facultate.
706 2893 1007 2949 „Ceterarum
1060 2892 1244 2950 quidem
1286 2904 1555 2950 magnarum
1599 2891 1762 2936 artium
1812 2896 1859 2936 et
1898 2893 2206 2939 doctrinarum
2237 2891 2431 2937 facultas

235 2976 442 3021 maxime
472 2982 654 3023 tenetur
688 2977 762 3024 vel
794 2976 966 3036 ingenii
1001 2975 1237 3021 celeritate
1276 2981 1321 3021 et
1352 2975 1661 3034 cognoscendi
1704 2975 2025 3034 cogitandique
2076 2973 2312 3031 diligentia
2353 2975 2427 3019 vc!

233 3246 461 3419 ’Ἷ
