2713 3419
230 331 293 378 ita
324 330 523 377 Atticam
552 329 731 374 dicendi
768 329 991 373 rationem
1027 328 1283 374 antecessit
1311 329 1588 389 sophistica,
1622 331 1673 386 2³⁴)
1714 329 1920 387 speciem
1952 329 2099 386 magis
2130 330 2427 388 eloquentiae

227 427 339 473 prae
393 428 446 460 se
505 412 692 470 ferens,
748 425 1037 472 nequaquam
1086 418 1242 458 autem
1289 413 1428 472 digna
1460 414 1699 471 praeclaro
1728 414 1807 455 illo
1840 412 2042 456 nomine.
2104 413 2431 470 sophistarum

228 499 425 542 alterum
454 511 605 557 genus
636 496 905 539 industriam
935 510 1068 539 suam
1100 497 1161 539 ad
1191 497 1453 540 disserendi
1484 496 1754 540 facultatem
1784 496 1978 540 contulit
2002 528 2016 551 ‚
2048 499 2097 539 et
2124 510 2188 540 ex
2217 496 2302 541 hac
2331 511 2428 542 una

227 580 430 625 maxime
462 580 657 638 gloriam
688 584 826 637 atque
857 580 1176 623 auctoritatem
1204 580 1461 638 quaesivit,
1492 584 1543 624 ut
1572 579 1857 637 Protagoras
1879 612 1893 636 ,
1923 577 2151 623 Prodicus
2166 590 2181 638 ;
2223 577 2426 626 dialecti·

229 676 329 706 cam
362 663 484 707 enim
514 663 561 707 hi
592 662 893 707 subtilitatem
930 661 992 706 ad
1022 662 1262 706 forensem
1305 677 1441 707 usum
1479 666 1529 706 et
1586 661 1969 706 consuetudinem
2028 661 2335 708 traduxerunt
2375 668 2427 708 et

227 759 332 789 eam
360 745 630 801 dictionem,
669 758 788 803 quae
820 745 882 788 ad
911 758 1153 788 commune
1183 744 1401 789 iudicium
1428 745 1792 802 popularemque
1834 744 2190 802 intelligentiam
2219 750 2321 789 erat
2348 759 2426 790 ac-

226 828 540 884 commodata,
586 827 795 884 amplexi
831 831 954 870 sunt.
1017 828 1092 870 De
1128 827 1400 885 eloquentia
1438 826 1575 883 igitur
1615 842 1673 871 eo
1723 831 1900 870 tantum
1940 828 2061 872 bene
2112 827 2264 873 meriti
2294 834 2425 885 sunt,

225 911 347 969 quod
379 911 563 970 singula
593 915 642 954 et
669 909 729 953 ad
757 914 1010 967 praecepta
1036 911 1296 967 spectantia
1324 910 1599 966 tractabant,
1629 915 1679 953 ut
1709 909 1847 955 dictio
1879 915 2011 972 esset
2041 925 2172 970 pura,
2200 915 2251 956 ut
2281 911 2427 956 verba

225 994 395 1038 usitata
421 993 754 1037 adhiberentur
782 1006 868 1050 pro
898 992 1087 1037 diverso
1118 1007 1278 1038 eorum
1312 992 1572 1052 significatu
1594 1024 1607 1049 ,
1651 991 1697 1034 id
1730 993 1854 1050 quod
1884 994 2072 1037 nomine
2102 986 2427 1052 &pavendas-²⁵)

225 1077 483 1136 insignitur.
541 1075 897 1121 Grammaticam
933 1075 1140 1134 inprimis
1171 1080 1220 1120 et
1250 1077 1576 1135 synonymiam
1610 1076 1827 1120 colebant
1864 1089 1953 1119 nec
1982 1089 2146 1133 parum
2175 1077 2284 1121 inde
2316 1091 2427 1121 con-

223 1164 433 1204 secutum
465 1162 539 1203 est
569 1159 792 1203 utilitatis.
852 1159 1065 1203 Alterum
1093 1163 1249 1203 autem
1281 1159 1593 1217 sophistarum
1621 1173 1774 1216 genus
1802 1158 2039 1215 pendebat
2065 1172 2093 1203 a
2123 1160 2288 1205 schola
2318 1160 2426 1205 rhe-

222 1241 367 1287 torica
392 1241 441 1287 in
470 1240 630 1287 Sicilia
660 1240 891 1299 instituta,
919 1240 1042 1286 unde
1076 1241 1273 1301 Gorgias
1304 1246 1353 1285 et
1381 1241 1457 1300 qui
1484 1242 1543 1284 ab
1576 1241 1679 1283 eius
1711 1245 1845 1284 erant
1876 1240 2134 1297 disciplina.
2194 1243 2254 1285 Hi
2283 1243 2426 1300 plane

222 1325 455 1369 diversam
484 1324 685 1368 inierunt
716 1324 864 1379 viam,
895 1338 998 1367 cum
1028 1329 1190 1368 ornate
1222 1324 1404 1368 dicendi
1431 1325 1636 1367 maxime
1669 1324 1891 1367 facultate
1925 1324 1972 1367 id
2005 1324 2283 1369 studuerunt
2319 1324 2422 1370 effi-

222 1421 329 1451 cere
347 1440 363 1464 ,
400 1411 452 1451 ut
480 1407 725 1451 audientes
771 1406 1017 1450 delinirent
1065 1407 1376 1464 delinitosque
1409 1406 1457 1450 in
1498 1406 1569 1450 sui
1606 1405 1955 1450 admirationem
1997 1411 2227 1465 raperent.
2290 1407 2424 1452 Haec

222 1490 386 1533 schola
414 1490 644 1547 poeticam
672 1489 918 1532 dictionem
949 1483 1193 1538 (εὔέπειαν)
1217 1488 1270 1542 ²⁶)
1306 1489 1582 1544 affectabat,
1635 1493 1684 1532 et
1713 1488 1843 1546 quasi
1874 1489 2150 1533 calamistris
2188 1489 2422 1548 intorque-

221 1572 304 1616 bat
333 1572 590 1616 orationem
628 1572 763 1629 eique
794 1572 979 1617 colores
1025 1573 1281 1617 adscititios
1325 1577 1542 1631 tanquam
1573 1571 1728 1616 fucum
1759 1571 2021 1615 inducebat.
2083 1571 2314 1630 Neglecta
2344 1587 2419 1617 re·

222 1669 323 1699 rum
358 1654 665 1713 intelligentia
692 1655 942 1699 verborum
973 1659 1149 1700 tantum
1178 1655 1385 1713 pondere
1424 1660 1473 1698 et
1504 1653 1896 1713 magniloquentia
1926 1653 2117 1711 assequi
2152 1654 2227 1697 isti
2262 1660 2415 1699 orato-

221 1751 299 1782 res
330 1737 617 1782 conabantur
643 1737 982 1781 assensionem.
1043 1738 1141 1782 Sed
1170 1742 1221 1782 ut
1250 1742 1462 1781 ornatum
1491 1736 1672 1780 dicendi
1703 1749 1854 1793 genus
1885 1740 1934 1778 et
1963 1749 2042 1779 ars
2060 1736 2315 1793 dialectica,
2349 1739 2418 1781 al-

219 1824 369 1865 terum
399 1819 458 1864 ab
490 1819 639 1863 altera
673 1819 948 1876 seiunctum,
979 1820 1147 1865 vitiosa
1177 1824 1252 1865 est
1280 1819 1561 1877 eloquentia,
1590 1819 1654 1861 ita
1686 1818 1929 1861 coniuncta
1960 1819 2242 1863 constituunt
2273 1835 2417 1865 verae

218 1903 512 1961 eloquentiae
535 1901 849 1947 fundamenta.
910 1903 1034 1947 Nam
1064 1905 1129 1949 ita
1159 1904 1210 1948 fit
1230 1937 1244 1961 ,
1276 1908 1326 1948 ut
1355 1901 1642 1961 intelligendi
1672 1901 1881 1945 sollertia
1912 1915 2016 1945 cum
2048 1903 2166 1946 bene
2197 1904 2415 1962 loquendi

223 1985 460 2044 elegantia
505 1985 759 2043 copuletur.
818 1986 1105 2045 Eloquentia
1141 1988 1266 2032 enim
1306 1986 1459 2031 media
1515 1988 1590 2028 est
1637 1984 1757 2026 inter
1784 1984 1949 2041 poc-sin
1981 1989 2031 2028 et
2061 1986 2416 2044 philosophiam.

220 2068 294 2113 Ea
333 2067 504 2112 iustum
533 2071 581 2112 et
609 2067 778 2112 bonum
806 2068 1014 2128 depingit
1048 2073 1097 2114 et
1135 2069 1286 2113 reddit
1315 2068 1448 2127 quasi
1479 2066 1788 2124 conspicuum.
1851 2066 1968 2110 Cum
2003 2073 2154 2111 autem
2185 2083 2414 2126 corporea

221 2150 379 2210 effigie
411 2151 492 2195 illa
519 2151 680 2195 sensui
707 2154 952 2197 monstrari
980 2157 1249 2212 nequeunt,
1294 2155 1443 2197 restat
1473 2154 1673 2204 tantum,
1719 2153 1770 2192 ut
1799 2163 1885 2205 per
1916 2155 2126 2195 ornatum
2164 2152 2413 2197 verborum

217 2234 494 2293 phantasiae
523 2235 923 2292 representatione
942 2268 956 2291 ,
989 2240 1209 2294 quantum
1230 2235 1331 2278 fieri
1360 2237 1517 2292 potest
1533 2265 1548 2288 ‚
1596 2231 1703 2274 viva
1732 2244 1889 2274 coram
1919 2232 2152 2277 sistantur.
2214 2235 2312 2279 Sed
2343 2235 2412 2279 in·

219 2317 323 2361 anis
351 2321 427 2361 est
457 2321 672 2373 ornatus,
699 2316 787 2359 nisi
820 2317 996 2362 veritas
1020 2318 1244 2362 dictorum
1275 2317 1479 2361 accedat.
1542 2316 1702 2372 ltaque
1735 2313 1967 2357 rhetorica
1996 2319 2121 2358 recte
2150 2315 2411 2376 intelligen-

219 2399 265 2443 di
318 2403 368 2443 et
410 2403 536 2443 recte
578 2398 816 2442 intellecta
857 2399 978 2443 bene
1023 2399 1205 2444 dicendi
1256 2399 1450 2457 scientia
1497 2401 1602 2453 est,
1654 2397 1851 2453 loquens
1893 2396 2110 2442 nimirum
2163 2400 2408 2457 sapientia.

219 2483 384 2534 Quare
424 2481 650 2525 rationem
681 2481 863 2525 dicendi
895 2482 1106 2527 latiorem
1139 2487 1190 2527 et
1217 2459 1467 2539 eloquendi
1493 2478 1846 2524 contractiorem
1879 2482 2070 2525 veteres
2102 2486 2228 2528 recte
2240 2483 2411 2529 discer-

218 2567 413 2622 nebant,
453 2569 526 2622 ut,
573 2577 710 2623 quam
737 2568 915 2609 arctum
946 2564 1068 2610 inter
1096 2564 1410 2624 eloquentiam
1443 2568 1493 2609 et
1521 2561 1804 2608 dialecticam
1835 2560 2072 2609 vinculum
2103 2569 2254 2623 esset,
2294 2566 2410 2613 indi·

217 2651 390 2691 carent.
453 2648 625 2692 Verum
656 2647 922 2704 eloquentia
953 2647 1002 2691 in
1028 2647 1271 2692 dialectica
1298 2648 1452 2692 solum
1483 2658 1680 2691 versans
1707 2643 1879 2688 nudata
1911 2647 2035 2692 omni
2070 2655 2340 2694 ornamento
2362 2651 2410 2696 in

217 2729 391 2774 siccum
421 2732 472 2772 et
496 2729 739 2786 spinosum
770 2729 1032 2775 disserendi
1062 2744 1214 2789 genus
1230 2763 1244 2787 ‚
1291 2729 1559 2789 eloquentia
1595 2726 1864 2772 dialecticae
1895 2732 2133 2778 subductis
2168 2731 2413 2791 praesidiis

216 2810 265 2854 in
296 2812 482 2855 inanem
511 2814 561 2853 et
591 2825 815 2857 enervem
855 2813 1191 2858 verbositatem
1227 2812 1352 2858 abiit.
1412 2810 1647 2870 Exempla
1690 2808 1964 2868 posterioris
2001 2817 2260 2863 exhibuere
2292 2818 2412 2863 Gor-

217 2891 321 2952 gias
351 2892 430 2951 2⁷),
484 2890 751 2938 Alcidamas
803 2894 1000 2955 aliique,
1046 2893 1299 2956 superioris
1329 2894 1579 2951 Prodicus,
1630 2895 1824 2957 Hippias
1859 2900 1910 2958 2¹³)
1948 2905 1997 2945 et
2026 2901 2185 2944 horum
2218 2900 2412 2948 similem

1906 2989 1968 3038 [3
1985 2988 2006 3039 J
