2713 3419
1201 229 1440 267 ...3-

215 368 449 412 iudicandi
482 366 675 424 quadam
710 365 950 422 prudentia
986 366 1060 409 vel
1105 365 1303 422 denique
1347 362 1695 408 exercitationis
1735 364 2023 420 assiduitate,
2056 364 2317 423 eloquentia
2337 380 2417 410 au-

218 455 309 494 tem
343 451 413 494 his
445 449 583 494 rebus
616 449 678 492 ita
713 449 924 493 omnibus
951 448 1122 506 pariter
1154 463 1271 506 opus
1307 447 1461 503 habet,
1497 453 1558 502 ut,
1589 447 1629 490 si
1667 460 1758 491 una
1789 448 1923 503 absit,
1970 454 2050 492 aut
2080 462 2171 492 non
2217 450 2277 494 sit
2308 464 2411 508 per-

218 546 384 589 magna
408 566 420 587 ‚
474 533 730 575 consistere
772 533 873 588 ipsa
913 537 993 574 aut
1034 536 1131 573 tota
1178 537 1224 573 ct
1269 531 1478 587 perfecta
1529 530 1798 587 contingere
1848 532 1978 574 nullo
2036 537 2170 586 pacto
2221 535 2411 589 possits·

217 617 533 666 Quamobrem
574 631 710 673 quum
745 615 925 671 legibus
970 618 1019 656 et
1048 615 1308 670 praeceptis
1352 614 1672 658 Athenienses
1703 614 1763 657 ad
1804 614 2054 657 oratorium
2089 628 2253 658 munus
2284 616 2409 659 insti·

213 704 467 751 tuerentur,
507 712 644 741 nemo
683 698 783 740 sine
814 696 1016 752 praeviis
1047 695 1228 749 studiis,
1265 697 1366 738 sine
1410 697 1622 740 diuturna
1661 702 1708 740 et
1740 702 1954 741 accurata
1984 698 2410 754 praemeditatione,

211 781 313 822 sine
354 781 674 838 exemplorum
710 778 987 834 optimorum
1033 777 1423 833 contemplatione
1464 782 1511 820 et
1544 779 1796 822 imitatione
1840 779 1899 821 ad
1934 779 2178 823 dicendum
2218 793 2408 837 surgere

212 877 353 906 ausus
384 868 471 906 est.
536 862 672 905 Unde
720 861 887 915 omnia,
931 873 1049 916 quae
1084 859 1328 914 dixerunt,
1354 866 1644 916 praeparata,
1683 863 1837 905 omnia
1873 862 2090 906 sollerter
2140 864 2411 921 composita,

213 946 373 986 merito
428 943 785 999 nuncupaveris.
866 942 943 985 Sic
984 942 1302 984 Athenienses
1343 956 1425 997 pro
1457 955 1573 984 sano
1620 943 1823 998 ipsorum
1866 945 2033 988 iudicio
2064 945 2248 988 reiectis
2280 945 2404 987 omni

210 1027 316 1070 fuco
350 1032 396 1070 et
428 1026 681 1071 luxuriosis
715 1024 936 1068 orationis
972 1024 1256 1068 ornamentis
1285 1024 1345 1068 ad
1367 1024 1612 1068 sanitatem
1643 1025 1766 1068 illam
1788 1025 1999 1070 dictionis
2031 1032 2080 1071 et
2108 1027 2407 1072 subtilitatem

210 1114 555 1166 pervenerunt,
608 1122 696 1167 qua
746 1122 830 1152 eos
871 1107 1045 1151 >ceteris
1094 1108 1305 1152 omnibus
1360 1108 1724 1165 praestantiores
1766 1108 1913 1154 fuisse
1972 1124 2133 1155 omnes
2186 1124 2281 1155 uno
2326 1124 2408 1153 ore

211 1194 492 1251 praedicant.

417 1353 635 1395 Attamen
665 1350 930 1408 eloquentia
961 1350 1082 1406 apud
1111 1352 1318 1393 Graecos
1356 1351 1446 1392 iam
1483 1350 1813 1407 antiquissimis
1848 1351 2131 1408 temporibus
2163 1365 2247 1408 pro
2276 1351 2404 1409 inge-

207 1436 267 1478 nii
303 1435 478 1492 vigore,
518 1448 608 1491 quo
646 1432 841 1490 praediti
886 1437 1036 1487 erant,
1069 1437 1117 1476 et
1151 1446 1234 1489 pro
1260 1432 1445 1476 vivendi
1486 1447 1613 1477 more
1648 1438 1696 1477 et
1724 1433 1901 1477 ratione
1945 1434 2005 1478 ad
2039 1434 2222 1492 publica
2257 1449 2402 1493 nego-

205 1520 264 1561 tia
301 1517 504 1560 adhibita
539 1521 627 1571 est,
672 1521 720 1559 et
760 1516 962 1573 vestigia
995 1516 1097 1560 eius
1142 1516 1231 1558 iam
1269 1521 1459 1560 exstant
1488 1517 1535 1560 in
1554 1517 1744 1560 Homeri
1762 1516 2055 1561 carminibus.
2083 1518 2115 1573 ¹)
2175 1517 2272 1562 Sed
2290 1517 2402 1562 inde

206 1603 264 1643 ab
297 1600 544 1644 Homerica
575 1603 729 1642 aetate
767 1613 913 1656 usque
950 1598 1009 1641 ad
1039 1583 1262 1643 Coracem
1300 1604 1348 1641 et
1368 1598 1544 1642 Tisiam
1579 1599 1763 1643 Siculos
1784 1607 1816 1650 2)
1846 1599 2029 1643 dicendi
2057 1599 2297 1657 disciplina
2315 1599 2402 1644 fuit

203 1685 342 1728 nulla.
414 1684 457 1727 Α
493 1682 774 1726 Menestheo
796 1685 831 1735 ἀ)
864 1696 1047 1739 quoquc
1081 1681 1296 1736 Athem‘S,
1329 1682 1405 1739 qui
1447 1682 1620 1739 primus
1660 1682 2026 1741 demagogorum
2058 1681 2206 1726 fuisse
2239 1681 2399 1737 fertur,

205 1768 263 1809 ad
294 1767 517 1810 Solonem
554 1779 702 1822 usque
735 1769 783 1807 et
820 1763 1127 1818 Pisistratum,
1161 1768 1209 1807 et
1236 1764 1342 1808 inde
1382 1778 1411 1807 a
1450 1764 1767 1808 Themistocle
1796 1764 1857 1808 ad
1882 1764 2111 1809 Periclem
2131 1764 2396 1823 Olympium

204 1850 338 1893 etad
377 1849 602 1893 Cleonem
640 1841 892 1895 βωμολόχον
916 1846 953 1904 ⁴)
986 1846 1168 1890 habitae
1224 1851 1331 1891 sunt
1371 1847 1633 1903 orationes,
1670 1848 1733 1891 ita
1782 1851 1938 1892 tamen
1984 1851 2034 1891 ut
2077 1860 2195 1906 quae
2229 1851 2396 1893 natura

202 1938 395 1990 possent
426 1937 652 1987 oratores,
697 1934 1042 1987 expromerent.
1107 1929 1208 1973 Etsi
1241 1944 1305 1973 ex
1339 1932 1636 1975 institutionis
1674 1931 1853 1975 ratione
1876 1932 1909 1987 ⁵)
1942 1930 2395 1988 apudAthenienses

202 2015 512 2073 consequitur,
546 2019 596 2058 ut
638 2016 887 2071 praecepta
919 2012 965 2055 in
1002 2012 1177 2056 scholis
1207 2012 1375 2056 tradita
1404 2014 1512 2069 sint,
1555 2014 1657 2057 sine
1684 2014 1850 2071 quibus
1872 2014 2214 2059 Themistocles
2243 2013 2396 2058 adhuc

203 2114 318 2157 puer
353 2099 399 2142 in
438 2099 532 2141 otio
577 2097 815 2141 orationes
852 2109 1129 2153 componere
1163 2110 1258 2139 non
1294 2101 1492 2153 poterat,
1524 2109 1642 2154 quae
1674 2101 1832 2141 tamen
1868 2102 2119 2155 praecepta
2149 2096 2208 2140 ad
2239 2110 2393 2141 rerum

201 2182 508 2238 gerendarum
544 2179 834 2238 prudentiam
869 2183 916 2222 et
958 2178 1267 2236 cognitionem
1312 2179 1461 2238 magis
1498 2182 1737 2238 spectasse
1780 2179 2011 2237 videntur,
2046 2181 2103 2224 ab
2133 2180 2189 2225 iis
2208 2179 2393 2235 tradita,

202 2267 275 2325 qui
314 2265 500 2323 Solonis
532 2264 661 2323 quasi
701 2267 877 2308 sectam
912 2261 1142 2320 quandam
1178 2263 1323 2306 secuti
1364 2265 1484 2307 sunt.
1546 2263 1654 2307 Flos
1682 2269 1793 2307 vero
1827 2268 1875 2308 ct
1898 2264 2011 2308 artis
2040 2267 2087 2308 et
2118 2262 2390 2321 disciplinae

200 2349 305 2392 inde
344 2361 371 2389 a
412 2345 620 2389 Periclea
656 2350 809 2389 aetate
856 2358 963 2388 esse
1004 2344 1189 2401 incepit,
1227 2358 1363 2402 quum
1395 2349 1443 2388 et
1470 2350 1680 2390 oratores
1718 2350 1765 2389 ct
1803 2346 2018 2389 rhetores
2057 2357 2236 2389 summa
2280 2358 2390 2390 cura

198 2431 547 2482 contenderent,
580 2435 629 2472 ut
665 2430 753 2472 iam
787 2442 880 2472 non
915 2428 1102 2486 ingenio
1139 2428 1290 2472 solum
1326 2433 1373 2471 et
1408 2429 1450 2471 vi
1490 2435 1698 2484 naturae,
1734 2430 1819 2473 sed
1852 2430 1991 2473 etiam
2022 2428 2306 2473 institutione
2344 2432 2390 2472 et

202 2515 364 2559 litteris
393 2512 560 2556 famam
591 2511 884 2569 eloquentiae
920 2514 1326 2568 consequerentur.

395 2686 534 2736 Quae
566 2699 703 2744 quum
744 2685 808 2728 ita
843 2684 948 2739 sint,
978 2682 1305 2741 explicandum
1335 2683 1531 2740 primum
1570 2683 1680 2727 mihi
1722 2685 1967 2743 proposui,
2012 2683 2118 2742 quid
2159 2679 2386 2725 commodi

201 2770 322 2828 apud
352 2769 668 2815 Athenienses
700 2766 980 2827 reipublicae
1011 2766 1160 2811 forma
1207 2770 1255 2810 et
1281 2766 1547 2810 constitutio
1572 2767 1632 2811 ad
1657 2768 1950 2826 eloquentiae
1986 2768 2078 2811 vim
2108 2777 2383 2824 promoven-

200 2854 305 2898 dam
339 2852 557 2909 attulerit,
600 2850 767 2896 deinde
812 2864 931 2910 quae
973 2849 1229 2895 litterarum
1265 2848 1442 2894 cultura
1473 2853 1522 2894 et
1556 2849 1740 2910 linquae
1778 2850 2081 2896 conformatio
2122 2847 2273 2904 fuerit,
2303 2847 2383 2891 de-

193 2938 335 2996 nique
370 2939 588 2995 quantum
616 2938 664 2981 et
688 2933 929 2993 disciplina
957 2933 1070 2981 artis
1097 2938 1146 2982 et
1169 2933 1257 2995 ipsi
1285 2936 1494 2980 oratores
1527 2934 1858 2994 praestiterint,
1887 2934 1972 2981 sed
2000 2930 2211 2994 angustis
2246 2930 2383 2977 huius
