2713 3419
1201 195 1475 238 -15-

234 335 401 392 possit,
438 332 672 378 auditores
704 331 751 374 in
781 334 1008 389 perpetua
1039 330 1293 382 attentione
1326 335 1374 374 et
1403 331 1703 388 occupatione
1736 319 1987 385 retinebit,
2033 344 2182 387 neque
2221 331 2422 389 patietur

233 432 429 476 unquam
462 429 489 458 a
519 429 571 459 se
603 428 779 473 suaque
811 412 1020 458 oratione
1052 417 1207 458 mente
1242 412 1489 470 recedere,
1518 427 1744 472 nusquam
1775 428 1869 457 non
1902 428 2006 457 cum
2034 413 2089 457 iis
2119 414 2426 474 colloquetur,

232 502 420 545 lenitate
453 499 673 543 orationis
704 511 789 541 eos
820 495 907 540 sibi
939 496 1199 540 conciliabit
1228 501 1309 540 aut
1338 497 1470 555 gravi
1502 495 1679 540 affectu
1701 496 2024 553 commovebit,
2056 504 2431 556 argumentorum

230 583 435 640 pondere
463 583 524 627 ad
553 582 665 626 recti
693 580 882 636 verique
911 569 1462 638 cognitionemadducet.
1528 580 1580 623 Si
1613 579 1715 637 quis
1743 585 1896 624 autem
1920 594 2019 623 rem
2051 580 2189 624 modo
2221 583 2427 639 explicet

233 667 332 710 sine
379 666 486 714 unm
520 665 659 709 animi
705 662 873 706 >ardore
916 667 964 706 et
996 663 1128 720 quasi
1160 662 1237 706 filo
1270 663 1469 719 quodam
1499 663 1712 718 deducat,
1745 663 1974 720 quomodo
2006 663 2264 708 auditorem
2283 665 2424 709 habe-

232 753 279 791 at
308 748 667 802 assentientem,
713 758 806 788 non
851 745 1076 803 intelligo.
1140 743 1396 787 Docendae
1445 745 1580 802 igitur
1617 749 1726 789 sunt
1757 744 1933 789 formae
1966 750 2341 804 argumentorum
2368 749 2428 792 ad

232 832 461 887 praesidia
491 830 781 883 intellectuS,
818 828 1017 872 affectus
1051 828 1116 871 ita
1147 827 1456 884 componendi
1488 832 1537 870 ut
1567 828 1729 871 rationi
1761 832 1979 885 pareant,
2013 828 2193 872 animus
2227 828 2424 887 denique

233 914 489 971 implendus
521 916 594 956 est
632 910 1035 955 observationibus
1080 915 1128 954 et
1166 909 1423 954 simulacris
1454 913 1505 953 ut
1544 910 1708 954 rationi
1748 911 1989 969 suppetias
2024 911 2188 955 ferant.
2253 912 2431 963 Quam—

235 1000 391 1041 obrem
422 996 686 1053 eloquentia
716 996 776 1037 ad
808 996 940 1052 leges
971 999 1019 1037 et
1051 999 1302 1051 praecepta
1345 993 1632 1037 conformata
1662 995 1779 1038 duce
1811 999 1975 1037 natura
2005 999 2104 1037 tres
2135 995 2427 1051 potissimum

234 1081 344 1125 artis
383 1083 540 1137 partes
586 1078 805 1121 discernit
855 1082 903 1122 et
949 1077 1197 1121 constituit.
1270 1077 1676 1127 Quemadmodum
1708 1078 1832 1120 enim
1862 1078 2078 1121 absoluta
2107 1077 2425 1122 aedificiorum

231 1162 542 1221 pulchritudo,
576 1174 712 1220 quam
747 1164 918 1204 vocant
946 1159 1213 1216 architecti,
1244 1159 1291 1203 in
1318 1160 1463 1205 tribus
1492 1159 1783 1217 potissimum
1814 1160 2034 1216 contistit,
2066 1164 2187 1204 teste
2219 1161 2430 1205 Vitruvio

230 1248 266 1290 1.
295 1250 337 1290 2.
368 1247 414 1290 in
442 1245 711 1303 symmetria
740 1257 827 1287 seu
866 1242 1173 1286 conveniente
1213 1243 1410 1299 partium
1450 1258 1682 1287 consensu
1722 1248 1770 1287 et
1802 1243 2025 1287 materiae
2058 1240 2340 1287 excellentia
2376 1249 2427 1288 et

230 1334 397 1373 exacta
428 1329 623 1386 partium
655 1326 955 1384 singularium
987 1325 1321 1381 elaboratione,
1354 1326 1418 1369 ita
1449 1327 1645 1370 oratoris
1658 1327 1954 1383 praecipuum
1973 1332 2047 1370 est
2069 1326 2291 1383 officium,
2311 1342 2427 1383 rem,

233 1427 350 1472 quae
382 1412 619 1471 proposita
651 1415 725 1454 est
754 1409 812 1452 ad
846 1408 1112 1465 dicendum,
1138 1413 1264 1452 recte
1296 1409 1498 1453 inventis
1525 1414 1573 1453 et
1605 1410 1884 1468 excogitatis
1915 1410 2205 1468 perspicuam
2236 1415 2286 1455 et
2314 1425 2422 1469 pro-

231 1497 427 1539 babilem
458 1494 656 1538 reddere
678 1526 691 1548 ,
724 1497 849 1536 recte
882 1492 1084 1551 cogitata
1116 1492 1283 1536 deinde
1317 1493 1478 1536 ordine
1511 1492 1759 1551 disponere
1793 1507 1928 1551 quam
1963 1494 2337 1550 accuratissime,
2372 1498 2424 1538 et

228 1579 412 1637 singula
442 1576 596 1620 omnia
628 1576 859 1619 suavitate
903 1580 951 1618 et
984 1575 1290 1619 concinnitate
1340 1576 1616 1620 elocutionis
1647 1577 1778 1633 quasi
1814 1577 2015 1632 vestire,
2055 1576 2251 1620 oratoris
2281 1576 2422 1635 igitur

231 1666 332 1718 est,
365 1659 598 1715 invenire,
628 1658 875 1717 disponere
893 1692 906 1715 ,
937 1657 1104 1716 eloqui.
1167 1657 1275 1702 Pari
1306 1658 1444 1702 modo
1478 1659 1580 1717 ipsa
1612 1658 1760 1703 oratio
1800 1659 1997 1704 oratoris
2029 1674 2146 1716 opus
2187 1673 2337 1718 aeque
2369 1673 2425 1704 ac

231 1743 470 1803 tragoedia
500 1742 692 1801 protasi,
725 1741 906 1799 epitasi,
935 1740 1229 1799 catastrophe
1258 1735 1497 1798 constans,
1522 1742 1750 1800 tripartita
1773 1747 1846 1787 est
1876 1743 1923 1786 in
1947 1742 2231 1800 principium,
2258 1747 2423 1787 tracta-

232 1831 420 1883 tionem,
457 1826 811 1885 perorationem.
872 1826 990 1869 Hinc
1023 1825 1220 1869 oratoris
1251 1830 1339 1881 est,
1361 1827 1604 1870 exordium
1624 1827 1845 1871 orationis
1877 1827 2009 1885 quasi
2028 1827 2268 1885 augurium
2298 1841 2423 1871 sum-

231 1926 306 1955 ma
337 1925 446 1955 cura
484 1917 532 1953 et
564 1910 802 1969 diligentia
820 1910 1089 1965 elaborare,
1118 1909 1180 1951 ad
1207 1922 1342 1952 suum
1372 1910 1510 1953 modo
1552 1911 1837 1968 propositum
1875 1909 2223 1954 accommodare
2241 1942 2255 1968 ,
2300 1924 2424 1955 sum-

232 2011 352 2039 mam
381 1996 663 2040 audientium
693 1995 1094 2052 exspectationem
1123 2008 1330 2049 movere,
1361 1995 1587 2038 modestia
1621 2001 1668 2038 et
1700 1996 1981 2039 verecundia
2000 1995 2246 2038 conciliare
2264 2009 2424 2039 eorum

235 2079 628 2134 benevolentiam,
659 2083 707 2122 et
735 2081 899 2121 cuncta
911 2077 1156 2134 diligenter
1173 2089 1468 2133 praeparare.
1502 2078 1685 2121 Deinde
1718 2093 1817 2121 rem
1851 2078 1911 2121 ad
1943 2077 2186 2121 dicendum
2217 2079 2422 2135 proposi-

231 2168 323 2205 tam
356 2166 578 2220 exponet,
608 2165 658 2206 ut
689 2160 842 2205 statim
874 2160 1172 2219 intelligatur,
1203 2159 1310 2218 quid
1344 2159 1391 2204 id
1421 2159 1481 2204 sit
1507 2159 1563 2204 de
1597 2175 1687 2219 quo
1718 2165 1897 2219 agatur,
1932 2165 1980 2205 et
2011 2174 2180 2219 magno
2211 2161 2420 2206 acumine

232 2246 491 2289 versabitur
521 2246 568 2287 in
599 2243 883 2301 argumentis
915 2243 973 2285 ad
1005 2242 1378 2299 persuadendum
1406 2243 1608 2286 maxime
1640 2244 1783 2300 aptis,
1824 2258 1943 2302 quae
1977 2244 2107 2302 quasi
2140 2244 2322 2302 agmine
2355 2244 2420 2287 iu-

233 2334 304 2372 sto
337 2332 384 2371 et
414 2328 534 2371 bene
565 2327 785 2370 instructo
816 2326 1033 2369 incedere
1064 2325 1251 2381 debent,
1282 2329 1408 2367 recte
1441 2328 1488 2368 et
1521 2339 1607 2369 suo
1633 2340 1843 2384 quaeque
1877 2328 1980 2371 loco
2001 2327 2241 2370 collocata.
2306 2327 2421 2371 Cum

234 2416 412 2466 autem,
461 2415 510 2453 ut
540 2415 647 2453 sunt
678 2409 889 2452 homines
908 2441 920 2465 ,
968 2409 1015 2450 in
1065 2422 1163 2451 rem
1193 2408 1394 2466 aliquam
1422 2407 1716 2452 inclinatione
1749 2410 1886 2454 modo
1919 2410 2057 2453 animi
2090 2410 2420 2468 propendeant,

235 2502 281 2539 et
312 2495 436 2538 veris
467 2494 605 2538 etiam
637 2492 898 2550 oppositum
929 2506 1073 2549 saepe
1106 2492 1310 2535 habeant
1342 2491 1544 2536 taedium
1564 2525 1577 2549 ,
1617 2494 1872 2537 animorum
1907 2509 2089 2552 quoque
2120 2494 2317 2537 affectus
2347 2507 2419 2536 re-

232 2594 344 2639 gere
375 2576 577 2623 studebit
609 2579 788 2632 orator,
831 2575 906 2620 vel
941 2575 1150 2620 sedando
1182 2579 1230 2620 et
1260 2575 1553 2634 reprimendo
1571 2610 1583 2632 ,
1633 2577 1707 2620 vel
1742 2577 1973 2622 incitando
2002 2583 2050 2622 et
2080 2576 2419 2621 inflammando.

234 2664 394 2714 Quare
427 2661 559 2705 Plato
583 2660 630 2704 in
660 2658 876 2704 Phaedro
907 2659 1003 2703 ait:
1065 2652 1196 2709 λόγου
1225 2654 1404 2709 δύναμις
1429 2655 1626 2710 τυγχάνει
1654 2658 1911 2714 ψυχαγωγία
1938 2653 2065 2699 οὖσα.
2134 2659 2302 2703 Omnia
2336 2658 2418 2704 de-

232 2747 369 2804 nique
400 2744 584 2803 singula
615 2742 793 2788 summ'a
816 2746 916 2787 arte
947 2742 1230 2787 'elaboranda
1258 2747 1396 2802 atque
1427 2748 1628 2788 venusta
1660 2748 1707 2787 et
1737 2748 1844 2802 apta
1877 2744 2138 2789 elocutione
2158 2742 2422 2787 decoranda

231 2833 339 2871 sunt
371 2832 421 2872 ut
449 2840 541 2871 una
571 2840 715 2884 opera
742 2826 874 2885 quasi
905 2825 1106 2870 conflata
1137 2826 1315 2870 exiisse
1348 2826 1605 2871 videantur.
1684 2827 1795 2870 Sive
1829 2828 1953 2871 enim
1984 2828 2120 2872 docet
2149 2830 2282 2870 acute
2315 2839 2419 2870 ora-

228 2918 325 2967 tor,
357 2912 457 2954 sive
486 2911 686 2955 delectat
716 2915 895 2967 argute,
927 2910 1029 2955 sive
1061 2915 1321 2955 commovet
1349 2911 1569 2968 graviter,
1598 2912 1645 2957 id
1676 2912 1909 2970 agendum
1940 2913 1983 2957 ei
2016 2916 2111 2967 est,
2143 2914 2192 2953 ut
2221 2923 2338 2968 pure
2370 2915 2419 2955 et
